3234 4617
595 510 797 561 MOSELLANVS,
812 509 1010 554 PAEDOLOGIA.

443 694 600 754 Statius.
643 695 721 768 Quid
742 695 895 754 commodi
919 695 992 753 indo
1013 695 1096 770 capit
1121 711 1224 753 novus
1245 692 1296 752 ille

364 791 396 848 et
415 789 558 849 facticius
580 787 766 865 episeopus?

379 888 381 890 ’
441 883 620 944 Lucanus
663 885 784 953 Nescio,
812 885 873 943 nisi
900 885 981 958 quod
1003 884 1144 943 convivio
1171 883 1298 942 tandem

364 981 470 1039 nescio
490 980 579 1039 cuius
600 983 729 1055 sumptu
749 982 901 1038 instructo
917 979 1070 1054 excipitur
1091 982 1123 1038 et
1143 981 1210 1037 tum
1233 979 1297 1038 lau·

337 1088 350 1129 5
364 1075 485 1133 tissime
505 1078 666 1134 tractatur.

442 1170 597 1229 Statius
619 1170 688 1229 Non
700 1173 731 1229 et
745 1171 880 1236 interim,
897 1161 971 1229 dum
987 1170 1083 1228 estin
1099 1170 1268 1245 magistrat
1292 1216 1298 1237 ‚

365 1266 560 1325 vacationem
581 1266 759 1324 ediscendi
789 1281 919 1324 munere
950 1266 1045 1324 habet
1066 1267 1241 1339 aulaeque
1262 1281 1299 1323 ao

365 1362 461 1419 ceteri
481 1377 609 1419 manum
629 1359 748 1420 ferulae
770 1357 893 1420 subdit?

442 1454 622 1516 Lucanus.
663 1457 771 1529 Aeque
792 1456 918 1514 omnino
941 1455 1026 1524 adeo,
1051 1459 1087 1514 ut
1110 1472 1174 1514 non
1194 1455 1298 1531 magis

334 1562 395 1617 [coar
420 1551 462 1608 sit
478 1551 653 1626 episcopus,
672 1567 767 1625 quam
785 1548 788 1623 l
807 1554 882 1609 sunt
898 1549 930 1608 hi
946 1566 1047 1625 reges,
1064 1550 1117 1624 qui
1132 1550 1164 1609 in
1175 1552 1297 1626 tragoe-

364 1644 422 1702 diis
442 1644 688 1720 Agamemnonis
709 1647 762 1704 aut
782 1644 896 1704 Priami
916 1662 1084 1720 personam
1104 1647 1229 1720 gerunt.

402 1780 404 1785 ·
442 1739 599 1799 Statius.
640 1739 799 1798 Eiusmodi
821 1740 971 1799 honorem
991 1740 1067 1799 milri
1093 1756 1133 1799 nc
1154 1744 1297 1815 optarem

365 1834 496 1908 quidem.

727 1976 882 1983 ———

624 2177 852 2244 DIALOGVS
875 2180 985 2244 XXII.

608 2327 764 2386 Iacobus
787 2330 822 2386 et
843 2315 1007 2385 Thomas.

516 2463 562 2518 De
581 2465 670 2517 variis
689 2464 862 2534 spectaculis
881 2465 1092 2535 colloquuntur.

440 2599 619 2662 lacobus,¹
647 2604 724 2676 Quid
745 2622 815 2663 ores
837 2606 878 2662 sit
898 2604 1039 2664 futurum
1060 2602 1218 2664 audistin?

440 2698 603 2757 Thomas
645 2699 727 2758 Nihil
752 2700 904 2773 equidem,
932 2700 992 2759 nisi
1018 2716 1097 2773 quae
1123 2700 1201 2759 alias
1226 2699 1294 2759 fieri

363 2797 601 2852 consueverunt.

323 2901 350 2943 20
439 2888 605 2947 Iacobus,
646 2888 693 2947 De
713 2890 901 2963 spectaculis
923 2889 1018 2948 nihil?

441 2982 605 3042 Thomas.
646 2983 729 3042 Nihil
749 2986 855 3058 plane3
877 3001 952 3043 num
974 2984 1106 3043 edentur
1126 2982 1249 3060 aliqua?

440 3078 604 3136 lacobus.
643 3078 781 3137 Edentur
808 3081 839 3137 et
870 3080 1001 3153 quidem
1018 3081 1114 3139 varia.
1146 3079 1227 3138 Nam
1247 3079 1292 3138 iu·

364 3172 527 3231 nombulos
548 3174 625 3232 duos
647 3175 758 3232 adesse
784 3174 885 3242 audio,
917 3175 969 3248 qui
1000 3191 1069 3233 oras
1100 3176 1149 3233 sui
1171 3175 1294 3234 artificii

362 3269 546 3327 miraculum
567 3270 777 3328 ostentabunt.
818 3270 895 3328 Tum
915 3270 1074 3329 Sarmatas
1095 3270 1213 3346 aliquot
1231 3271 1294 3330 vidi

323 3377 349 3418 25
362 3365 440 3437 ipse,
470 3366 522 3437 qui
546 3366 699 3423 immanes
723 3382 814 3423 ursos
839 3366 878 3423 ad
902 3367 1047 3439 exiguam
1071 3367 1185 3440 stipem
1209 3369 1294 3426 iuxta

362 3458 507 3517 lituorum
528 3462 638 3517 cantus
661 3460 837 3518 saltitantes
860 3461 1057 3519 exhibebunt.

424 3553 605 3612 Thomas
647 3554 767 3613 Curabo
789 3572 910 3629 quoquo
933 3557 1030 3624 modo,
1052 3558 1088 3614 ut
1108 3557 1229 3631 etipse
1249 3558 1293 3616 in·

363 3651 479 3717 tersim,
502 3651 624 3707 etiamsi
646 3652 784 3725 meipso
805 3652 963 3709 intrudere
985 3652 1123 3709 debeam.

439 3744 603 3803 lacobus
650 3744 706 3803 Vix
731 3748 856 3820 poteris
888 3747 1138 3820 quandoquidem
1158 3749 1211 3821 qui
1232 3764 1293 3807 non

322 3853 349 3894 1ο
363 3841 529 3897 numerant
549 3839 633 3898 foras
656 3842 845 3913 quatiuntur.

440 3935 605 3993 Thomas,
647 3935 764 3995 Fallam
785 3938 871 4011 ipsos
891 3938 1048 3996 ianitores
1126 3959 1128 3964 ·
