3234 4617
596 500 799 552 MOSELLANVS,
814 502 1013 547 Pannonoola

441 685 638 761 Aegidius.
680 685 759 758 Quid
779 688 825 745 ita
845 687 1059 755 stomacharis
1085 688 1129 745 mi
1149 684 1299 756 Conrado,

363 783 395 839 in
417 782 545 840 sanctos
566 781 719 840 ecclesiae
740 782 867 856 patres?
908 780 965 853 Qui
991 781 1069 841 haec
1094 784 1200 841 omnia
1221 783 1301 842 bono

363 878 465 935 animo
487 877 665 934 statuerunt
684 893 747 935 non
767 876 867 945 nobis,
889 878 941 950 qui
961 876 1040 937 haec
1062 893 1121 936 nec
1136 879 1301 953 praestare

363 988 421 1046 per
447 972 584 1029 aetatem
614 971 770 1046 adigimur
794 988 853 1031 nec
878 988 936 1047 per
959 973 1097 1047 inopiam
1119 989 1301 1047 possumus,

337 1066 421 1125 ssed
442 1067 491 1124 sui
505 1065 668 1135 similibus,
689 1066 749 1125 hoc
769 1068 819 1125 est
839 1067 985 1125 divitibus
1005 1068 1075 1125 istis
1097 1068 1128 1126 et
1148 1067 1301 1127 delicatis.

442 1159 646 1219 Corradus.
688 1160 744 1232 Qui
765 1164 829 1220 scis
850 1161 948 1221 haeci

440 1256 629 1332 Aegidius.
671 1255 829 1331 Superiori
853 1273 935 1316 anno
967 1274 984 1316 e
1016 1258 1148 1331 quodam
1184 1260 1301 1318 contio-

364 1355 472 1410 natore
493 1351 606 1420 audivi,
628 1353 679 1425 qui
701 1351 770 1410 divo
791 1351 988 1426 Hieronymo,
1011 1368 1199 1425 quamquam
1214 1370 1301 1412 acer·

364 1448 441 1504 rimo
462 1448 648 1505 ieiuniorum
669 1448 814 1514 exactori,
847 1447 1012 1522 displicere
1042 1447 1145 1507 aiebat
1165 1450 1301 1508 maxime

327 1555 351 1597 ιο
363 1542 395 1599 in
418 1543 535 1600 teneris
566 1541 723 1601 aetatibus
753 1542 848 1617 longa
879 1543 911 1600 et
940 1542 1145 1601 immoderata
1174 1543 1300 1603 ieiunia.

363 1635 419 1704 Nc,
441 1636 702 1710 quemadmodum
723 1638 792 1711 ipse
814 1637 973 1708 scriberet,
1006 1639 1078 1697 ante
1103 1636 1201 1711 pedes
1223 1637 1300 1697 deii-

364 1733 456 1800 ciant,
479 1748 572 1805 quam
594 1747 719 1790 currere
739 1733 900 1806 incipiant,
928 1748 1024 1806 quare
1045 1735 1169 1791 tantum
1189 1734 1300 1791 ieiuni-

365 1843 453 1885 orum
467 1826 592 1884 modum
606 1826 837 1901 imponendum,
854 1829 1004 1900 quantum
1018 1826 1101 1885 ferre
1115 1829 1299 1901 poterimus.

393 1962 400 1978 .
442 1919 642 1980 Conradus¹
694 1920 799 1980 Habeo
830 1924 964 1997 gratiam
1000 1922 1070 1980 divo
1100 1921 1298 1997 Hieronymo,

327 2030 351 2072 15
365 2018 417 2089 qui
442 2017 642 2091 pauperculis
674 2017 763 2075 nobis
795 2021 828 2075 et
857 2019 1058 2091 impatienter
1087 2018 1299 2077 esurientibus

366 2112 586 2185 patrocinatur.

612 2480 841 2547 DIALOGVS
870 2481 996 2547 XXIV.

580 2621 716 2681 Penius
738 2627 773 2680 et
795 2620 1029 2681 Franciscus.

460 2748 506 2803 De
526 2749 607 2803 feriis
626 2750 771 2804 nataliciis
790 2749 899 2804 Christi
918 2749 1148 2805 confabulantur.

327 2885 387 2939 {ca}
444 2879 591 2939 Penius.
635 2879 674 2938 Et
704 2882 826 2955 gaudeo
858 2882 889 2943 et
920 2880 1016 2947 doleo,
1051 2883 1093 2939 mi
1120 2880 1297 2953 Francisce,

364 2975 448 3040 festa
461 2975 540 3035 haec
559 2976 705 3035 natalicia
718 2979 876 3051 appetere.
919 2975 1045 3035 Gaudeo
1060 2977 1193 3050 quidem,
1217 2979 1298 3052 quod

366 3072 424 3129 bae
444 3070 541 3129 feriae
563 3073 667 3129 omnia
686 3069 770 3129 laeta
789 3074 822 3129 et
842 3071 957 3130 festiva
977 3087 1085 3130 secum
1116 3076 1297 3147 apportant3

365 3166 453 3224 doleo
475 3170 588 3234 autem,
611 3165 693 3240 quod
714 3165 909 3225 scholasticis
931 3167 1020 3225 nobis
1045 3168 1077 3224 in
1100 3167 1298 3228 addiscendis

366 3262 475 3320 borum
488 3261 641 3320 festorum
655 3262 852 3320 cantionibus
863 3262 991 3337 grandis
1006 3263 1056 3320 est
1067 3261 1297 3322 exhauriendus

325 3371 351 3413 25
367 3357 460 3415 labor.
501 3355 669 3416 Praeterea
689 3358 762 3415 totis
785 3358 894 3415 diebus
919 3358 952 3415 in
973 3357 1097 3431 templis
1118 3356 1297 3431 algendum.

364 3449 523 3510 Postremo
544 3455 575 3509 et
595 3451 671 3510 illud
692 3469 810 3519 vereor,
833 3467 882 3521 ne,
905 3454 932 3509 si
954 3453 1109 3510 matutina
1122 3468 1214 3510 sacra
1235 3452 1297 3512 alto

365 3548 456 3604 nimis
488 3563 598 3621 sopore
629 3547 775 3605 detentus
800 3546 976 3621 neglexero,
1012 3549 1043 3605 et
1073 3546 1185 3621 plagas
1220 3548 1295 3605 mibi

366 3640 564 3699 lucrifaciam.

441 3735 675 3794 Franciscus.
735 3734 818 3795 Vera
851 3736 926 3794 sunt
961 3735 1048 3805 haee,
1089 3752 1169 3810 quae
1204 3736 1297 3808 dicis;

325 3842 352 3883 oo
365 3833 504 3889 attamen
530 3832 653 3904 quando
674 3831 756 3890 hanc
777 3831 991 3889 condicionem
1023 3832 1211 3906 accepimus,
1244 3833 1297 3892 ad·

364 3926 557 4000 vigilandum
578 3926 668 3984 nobis
690 3928 749 3984 erit
775 3932 806 3984 et
828 3927 932 3984 omnia
956 3924 1077 3984 fortiter
1097 3925 1297 4002 perieranda3
