3234 4617
517 500 556 543 DE
570 500 709 549 TEMPORE
724 501 834 545 STVDIIS
849 501 1059 550 lMPARTlENDO.
1242 506 1278 564 53

296 732 298 735 .
348 685 497 743 moditate
516 687 604 744 ineat
624 684 660 744 ut
680 687 712 744 et
732 701 849 754 earum,
875 702 955 759 quae
977 701 996 745 a
1020 686 1150 760 prandio
1165 686 1278 745 studiis

350 782 516 849 dabuntur,
548 798 567 840 a
597 781 781 839 duodecima
805 780 953 839 videlicet
983 782 1051 839 eius
1082 781 1176 856 spatii
1197 782 1280 855 quod

349 876 489 951 suppetit
502 877 542 935 ed
556 879 700 950 quartam
713 892 823 949 usque.
854 875 1006 949 Equidem
1021 893 1093 935 cum
1112 877 1144 935 id
1166 877 1278 935 aetatis
1329 865 1331 869 ’

350 988 462 1036 essem,
494 975 527 1030 et
551 972 610 1030 hoc
636 971 815 1029 servabam:
842 972 1123 1031 antemeridianum
1153 972 1278 1047 tempus

321 1066 399 1124 evel
419 1067 615 1141 gravioribus
637 1068 687 1126 vel
708 1065 835 1124 Graecis
856 1066 978 1135 litteris,
999 1067 1279 1141 postmeridianum

348 1162 517 1220 levioribus
538 1164 570 1221 et
590 1162 709 1221 Latinis
733 1162 852 1220 dabam.
894 1163 996 1236 Atque
1026 1162 1077 1220 hic
1103 1164 1194 1221 tenor
1222 1179 1277 1238 pro

349 1260 497 1331 temporis
519 1259 640 1316 ratione
655 1258 714 1316 erit
732 1258 945 1315 immutandus
960 1257 1111 1326 nonnihil,
1133 1258 1279 1316 nimirum

348 1353 520 1426 siquando
550 1353 665 1410 indicto
686 1352 802 1410 ieiunio
827 1352 993 1427 prandium
1024 1353 1056 1409 in
1081 1353 1278 1411 undecimam

348 1449 544 1522 prorogatur.
594 1446 687 1504 Porro
719 1448 802 1521 quod
834 1447 873 1504 ad
899 1449 1136 1523 praeceptorem
1157 1448 1277 1516 attinet,

309 1544 427 1600 rosetis
448 1544 505 1609 est,
538 1543 565 1599 si
592 1543 717 1600 doctum
750 1543 780 1599 et
800 1541 900 1600 fidum
921 1543 1010 1601 binas
1042 1545 1097 1601 aut
1128 1543 1164 1601 ut
1184 1544 1277 1619 pluri-

346 1655 433 1696 mum
463 1640 570 1696 ternas
601 1638 711 1696 audias
743 1638 846 1695 horas.
887 1637 996 1711 Neque
1026 1639 1109 1695 enim
1139 1655 1278 1712 unquam
1375 1652 1378 1658 ’

347 1733 385 1791 ad
430 1733 560 1791 solidam
605 1733 777 1791 eruditonis
816 1732 940 1807 frugem
983 1734 1181 1807 perveniunt,
1226 1735 1279 1808 qui

347 1829 413 1886 suis
444 1829 584 1904 ipsorum
614 1823 751 1902 ingeniis
783 1830 815 1886 et
840 1828 966 1902 propria
996 1828 1151 1886 industria
1182 1828 1279 1887 diffisi

348 1925 430 1982 totos
452 1925 519 1982 dies
541 1940 579 1982 ex
600 1925 839 1998 praeceptorum
860 1923 1002 1982 doctrina
1022 1925 1169 2000 pendent.
1211 1924 1278 1983 Ste-

315 2033 377 2087 nae]
399 2018 724 2092 rilescitsaneingenii
736 2018 866 2077 humani
881 2019 990 2087 solum,
1011 2020 1014 2093 l
1034 2019 1094 2077 nisi
1109 2035 1168 2077 sua
1178 2019 1278 2093 ipsius

347 2114 570 2173 exercitatione
614 2113 725 2171 cotidie
765 2112 932 2171 excolatur.
997 2113 1145 2171 Attamen
1183 2113 1278 2172 nolim

346 2209 425 2267 haec
446 2211 492 2267 sic
514 2209 661 2281 accipias
694 2209 784 2282 quasi
806 2208 978 2283 displiceat,
1012 2209 1039 2265 si
1060 2208 1131 2282 quis
1152 2225 1209 2283 per
1229 2225 1277 2267 oc-

348 2303 506 2361 casionem
538 2304 631 2362 etiam
663 2303 734 2378 plus
766 2304 917 2378 temporis
948 2304 1144 2377 praeceptori
1178 2306 1277 2362 vacet.

348 2396 475 2456 Occasio
496 2401 578 2457 enim
599 2415 733 2473 magnae
755 2399 992 2466 commoditatis,
1019 2415 1089 2456 cum
1116 2415 1150 2456 se
1176 2398 1277 2469 offert,

306 2506 334 2548 20
347 2509 472 2568 semper
490 2497 539 2552 est
552 2494 726 2562 retinenda,
748 2494 921 2552 amittenda
940 2509 1109 2567 nunquam.
1151 2492 1278 2563 Quando

347 2588 452 2662 legere
474 2588 564 2646 nobis
585 2588 659 2646 licet
673 2605 805 2662 semper,
829 2588 936 2646 audire
951 2604 1013 2645 non
1029 2604 1160 2662 semper.
1201 2588 1279 2647 lllud

346 2682 498 2757 imprimis
521 2684 701 2750 curandum,
724 2699 783 2757 quo
810 2684 922 2741 cotidie
949 2684 982 2740 ut
1003 2683 1166 2740 minimum
1184 2683 1279 2756 horae

348 2778 485 2852 spatium
516 2780 688 2836 exercendo
720 2778 791 2836 stilo
823 2778 988 2836 tribuatur.
1030 2777 1104 2835 Eius
1126 2773 1279 2836 rationem

348 2873 460 2946 cuique
481 2889 558 2930 suae
572 2874 655 2931 vires
672 2889 812 2946 suusque
825 2872 986 2947 profectus
1000 2872 1093 2931 facile
1107 2874 1278 2931 distabunt.

308 2980 334 3023 25
347 2966 515 3025 Meditetur
534 2968 615 3026 alius
637 2968 813 3041 epistulam,
846 2968 926 3026 alius
958 2985 995 3026 ex
1017 2967 1143 3025 Graecis
1170 2968 1280 3026 Latina

346 3062 451 3132 iaciat,
484 3063 564 3121 alius
596 3064 635 3121 ad
656 3064 886 3138 praescriptum
906 3063 1097 3121 rhetoricum
1118 3063 1279 3129 declamet,

347 3157 452 3214 licebit
483 3160 514 3215 et
544 3160 622 3216 varii
654 3159 779 3232 generis
812 3159 950 3216 carmine
981 3159 1071 3216 ludas
1103 3161 1156 3216 aut
1187 3159 1278 3216 ratio·
1336 3215 1338 3220 .

349 3251 536 3324 cinationem
557 3253 753 3326 aliquamad
775 3251 1009 3311 dialecticorum
1022 3253 1149 3327 regulas
1172 3254 1279 3327 exigas

348 3348 403 3404 aut
424 3347 506 3420 quod
526 3364 621 3405 versu
641 3347 773 3422 ligatum
795 3349 845 3405 est
866 3347 969 3405 soluta
993 3348 1133 3406 oratione
1157 3348 1278 3406 reddas,

307 3454 334 3496 30
347 3440 427 3499 Nam
447 3442 600 3501 latissime
621 3444 709 3517 patet
729 3442 792 3500 stili
813 3459 900 3500 usus

425 3535 535 3595 Restat
555 3538 648 3596 tertia
667 3554 741 3611 pars
768 3537 876 3595 itidem
902 3541 970 3595 octo
992 3537 1086 3595 horas
1109 3538 1279 3611 complexa.

346 3630 408 3690 llas
429 3631 575 3707 impende
596 3633 634 3690 de
656 3632 769 3690 studiis
791 3633 970 3699 amicorum,
997 3632 1152 3690 sodalium
1177 3634 1209 3690 et
1230 3649 1279 3690 ae-

348 3727 494 3800 qualium,
522 3728 557 3784 ut
577 3728 690 3802 partim
712 3727 896 3785 absentibus
925 3727 1054 3794 scribas,
1082 3727 1108 3783 si
1131 3727 1204 3800 quid
1226 3744 1279 3784 eos

348 3822 428 3881 scire
458 3822 547 3891 velie,
579 3823 693 3897 partim
724 3822 909 3890 inambules,
941 3822 1055 3896 partim
1089 3822 1219 3880 eruditis
1250 3824 1281 3880 et

307 3929 334 3972 35
347 3916 488 3976 honestis
507 3917 622 3977 fabulis
645 3920 677 3976 te
698 3917 845 3985 oblectes
870 3919 985 3991 partim
1006 3934 1080 3975 curn
1098 3917 1288 3988 aequalibus
