3234 4617
614 513 764 556 DIALOGVS
776 514 796 555 Χ
811 513 886 567 (1520).
1197 518 1236 575 45

305 696 497 755 sententiam
515 696 681 771 insignem,
713 697 741 754 si
762 698 844 770 quod
865 697 1072 771 proverbium,
1104 698 1132 755 si
1153 700 1234 772 quod

305 796 419 875 σχῆμα,
436 792 463 849 si
477 808 569 865 quem
583 798 716 867 tropum,
738 793 765 850 si
780 809 872 865 quem
888 792 1021 851 colorem
1034 793 1234 863 rhetoricum,

303 888 330 944 si
352 903 444 960 quem
458 887 561 945 locum
576 888 781 955 dialecticum,
804 888 831 945 si
846 904 924 962 quas
939 890 1073 946 venuste
1088 888 1234 962 loquendi

303 982 467 1041 formulas:
498 999 578 1056 quae
604 984 708 1041 omnia
732 984 859 1042 enotare
886 984 1154 1058 operaepretium
1175 987 1232 1053 est,

274 1093 287 1133 5
301 1078 415 1152 partim
436 1079 471 1135 ut
491 1080 533 1135 sit
552 1078 585 1135 in
606 1079 752 1153 promptu
766 1095 899 1153 semper,
915 1094 975 1153 quo
990 1095 1093 1137 mores
1107 1080 1234 1138 nostros

300 1174 418 1247 pariter
439 1173 470 1231 et
490 1173 609 1231 alienos
631 1174 835 1247 corrigamus
857 1176 971 1248 partim
991 1177 1027 1232 ut
1051 1191 1090 1232 ex
1112 1174 1232 1233 idoneis

301 1268 506 1342 scriptoribus
537 1270 708 1343 suppetant
730 1270 815 1327 recte
840 1269 988 1343 loquendi
1014 1270 1233 1344 scribendique

301 1362 452 1437 exempla,
474 1363 514 1420 ad
535 1378 616 1436 quae
630 1363 830 1422 crassissima
843 1364 897 1423 illa
909 1364 1002 1422 hodie
1016 1365 1230 1424 barbarissan-

300 1459 378 1516 tium
409 1457 555 1531 loquendi
586 1460 813 1517 cousuetudine
843 1459 1024 1534 posthabita
1061 1461 1232 1519 orationem

262 1568 286 1609 10
300 1555 441 1611 nostram
476 1569 662 1627 componere
683 1570 848 1627 queamus;
883 1559 1051 1629 postremo,
1092 1555 1119 1612 si
1150 1556 1232 1629 quod

300 1649 417 1706 dictum
449 1650 585 1721 antique,
616 1648 644 1705 si
675 1648 756 1721 quod
782 1665 872 1716 nove,
904 1650 986 1723 quod
1007 1648 1171 1723 loquendo,
1204 1652 1231 1709 si

300 1746 381 1819 quod
411 1762 521 1818 parum
553 1742 738 1811 Christiane,
771 1744 854 1817 quod
888 1745 1021 1803 vivendo
1058 1745 1232 1819 exprimere

300 1857 362 1898 non
384 1840 557 1898 conveniat.
599 1838 683 1898 Haec
703 1840 855 1913 magister
876 1842 958 1908 tuus,
980 1840 1028 1897 vir
1048 1856 1111 1898 non
1129 1839 1231 1898 solum

300 1936 419 2003 doctus,
434 1935 490 1993 sed
505 1940 537 1993 et
551 1935 698 2010 prudens,
713 1935 796 1992 inter
809 1934 1051 2010 praelegendum
1065 1935 1233 2009 diligenter

261 2044 285 2085 15
300 2030 467 2088 admonere
488 2028 575 2096 solet,
607 2030 638 2087 et
662 2030 731 2103 ipse
761 2029 923 2097 eiusmodi,
956 2047 1026 2088 cum
1056 2031 1088 2087 id
1118 2031 1232 2089 aetatis

300 2141 394 2192 eram,
415 2125 448 2183 in
474 2124 589 2183 scholis
610 2141 673 2183 non
693 2125 865 2183 oscitanter
886 2127 1016 2199 excepta
1037 2126 1163 2184 domum
1184 2142 1229 2184 re·

299 2236 430 2294 gressus
468 2221 583 2294 partim
617 2220 793 2287 memoriae,
834 2220 949 2294 partim
983 2220 1110 2288 chartis,
1157 2219 1232 2278 fidis

299 2316 468 2390 memoriae
499 2315 689 2383 custodibus,
715 2315 980 2373 commendabam.
1027 2314 1119 2373 Sensi
1144 2332 1228 2375 nam·

269 2424 329 2478 [eea]
351 2427 411 2483 que
431 2410 490 2468 hac
512 2409 673 2485 diligentia
703 2427 753 2468 me
783 2410 949 2468 vehemen-
969 2407 1039 2485 lter
1067 2409 1229 2485 proficere.

259 2519 285 2560 20
300 2504 415 2576 Quodsi
435 2506 542 2564 fratris
568 2506 711 2579 vestigiis
740 2506 905 2563 insisteres
930 2506 1074 2578 idemque
1097 2505 1229 2572 faceres

299 2602 361 2658 iam
382 2603 466 2658 certe
487 2616 549 2658 non
572 2601 630 2667 hic,
654 2601 710 2659 sed
730 2601 817 2658 libris
839 2601 1008 2659 adsideres

375 2693 544 2753 loannes.
596 2694 694 2752 Nimis
733 2695 833 2753 multa
870 2696 902 2753 in
947 2711 1044 2769 puero
1085 2694 1229 2768 requiris.

298 2789 456 2863 Equidem,
487 2793 523 2848 ut
554 2790 635 2863 quod
666 2806 777 2848 verum
797 2793 847 2847 est
878 2790 933 2848 tibi
954 2791 1169 2864 respondeam,
1196 2790 1228 2846 in

298 2886 356 2951 his,
389 2902 468 2958 quae
499 2888 534 2943 tu
564 2902 672 2943 mones
703 2885 916 2960 expendenda,
948 2885 1088 2959 plerique
1119 2901 1229 2942 omnes

258 2993 284 3035 25
298 2997 407 3038 sumus
427 2980 688 3056 neglegentiores
710 2980 857 3038 nimirum
876 2980 1014 3037 contenti
1033 2980 1227 3053 singularum

298 3076 475 3144 dictionum,
498 3092 578 3149 quae
597 3076 630 3133 in
652 3076 799 3134 contextu
822 3075 1027 3150 reperiantur.
1049 3076 1228 3149 respectum

297 3171 455 3238 habuisse,
476 3171 622 3229 videlicet
644 3187 736 3244 quam
758 3187 796 3229 ex
822 3172 889 3228 octo
911 3170 1060 3229 orationis
1086 3170 1229 3243 partibus

296 3266 434 3324 habeant
448 3283 503 3340 pro
525 3283 649 3340 genere,
672 3282 752 3340 quae
773 3266 838 3323 sint
859 3265 1040 3331 accidentia,
1064 3266 1153 3322 ouius
1175 3283 1226 3340 ge-

297 3362 391 3428 neriS,
414 3362 569 3435 simplicia
589 3361 654 3418 sint
678 3378 718 3419 an
740 3361 921 3444 composita,
943 3362 975 3417 in
997 3376 1090 3434 quam
1116 3360 1228 3418 cadant

256 3456 546 3529 sodeclinationem,
577 3456 652 3514 item
684 3472 763 3529 quae
797 3456 933 3529 partium
968 3456 1009 3512 sit
1039 3455 1122 3512 inter
1155 3470 1226 3513 sese

297 3553 495 3609 constructio.

373 3646 573 3713 Phaedrus.
614 3645 720 3715 Recte3
743 3646 798 3703 sed
820 3648 851 3702 et
871 3645 924 3703 illa
938 3662 1000 3703 non
1015 3646 1137 3719 oportet
1151 3661 1226 3719 neg-

296 3741 410 3816 legere.
451 3742 573 3815 Alioqui
595 3758 657 3798 non
677 3741 776 3808 vide0,
809 3741 883 3814 quid
907 3739 1224 3803 referatTerentium,

296 3836 486 3901 Ciceronem,
519 3836 689 3910 Vergilium
721 3842 752 3894 et
783 3836 901 3894 similes
933 3836 1022 3893 tenta
1052 3852 1128 3893 cura
1157 3835 1227 3892 sine

256 3948 282 3988 35
295 3932 359 3992 fine
381 3934 516 3999 tractari,
544 3932 570 3989 si
591 3948 653 3989 non
674 3933 747 3990 inde
769 3932 897 4007 aliquid,
921 3930 1009 4005 quod
1022 3929 1237 3987 celadusam
