3234 4617
585 530 588 537 ’
635 518 785 563 ulnioevs
798 518 938 562 xvh-xix.

565 707 568 712 ’
605 701 833 767 DIALOGVS
856 702 980 768 XVIII.
1008 712 1010 716 ’

479 824 523 878 De
542 825 664 879 canticis
682 823 777 894 deque
795 824 877 879 feriis
896 823 957 877 divi
972 823 1101 907 Martini.

557 928 743 1006 Georgius
764 932 799 988 et
821 928 1023 988 Conradus.

430 1048 623 1125 Georgius
665 1050 742 1125 Age,
764 1051 806 1108 mi
827 1048 977 1120 Conrade,
999 1067 1058 1124 quo
1080 1050 1201 1109 cantico
1226 1066 1283 1125 per

329 1146 435 1206 ehanc
460 1145 596 1205 hiemem
627 1146 740 1219 stipem
772 1143 969 1221 colligemus?
1009 1145 1132 1205 Etenim
1162 1145 1195 1203 in
1224 1145 1283 1203 hac

350 1242 427 1299 urbe
447 1257 516 1299 mos
536 1242 594 1308 est,
615 1240 652 1298 ut
666 1240 846 1299 scholastici
861 1241 977 1315 aliquot
991 1241 1180 1299 coniunctim
1202 1255 1282 1297 com·

351 1336 461 1411 positis
482 1335 515 1393 in
535 1334 595 1393 hoc
617 1335 780 1394 cantilenis
795 1336 927 1394 divitum
942 1336 1086 1394 convivia
1099 1334 1282 1394 exhilarent.

429 1429 633 1489 Conradus
675 1430 775 1489 Tuum
806 1431 866 1489 hoc
896 1430 990 1489 fuerit
1016 1430 1197 1505 disquirere,
1230 1429 1283 1504 qui

351 1525 396 1585 rei
426 1526 565 1583 musicae
586 1526 732 1600 peritiam
762 1526 861 1585 hebes
886 1526 1001 1601 quique
1032 1526 1125 1585 huius
1156 1524 1283 1584 scholae

316 1619 462 1680 romelius
484 1636 578 1694 quam
599 1637 657 1695 ego
679 1623 778 1699 tenes.=

289 1793 291 1797 ,
429 1714 624 1791 Georgius.
666 1714 793 1787 Quando
820 1717 852 1774 in
878 1733 928 1776 me
949 1716 1031 1775 hano
1053 1732 1160 1775 curam
1181 1715 1281 1783 reicis,

351 1811 468 1885 aliquid
488 1809 615 1869 minime
636 1811 765 1886 vulgare
786 1811 958 1886 dispiciam.
1001 1811 1063 1870 Sed
1083 1812 1132 1869 die
1151 1811 1190 1872 ah
1209 1810 1283 1869 hinc

352 1908 462 1965 octavo
484 1905 558 1979 quid
577 1904 648 1963 fieri
669 1907 778 1974 soleat,
799 1904 903 1966 nosti?

428 1999 629 2059 Conradus.
671 1998 842 2075 Dicquid‘l

315 2111 339 2153 15
431 2093 627 2170 Georgius.
668 2095 767 2154 Erunt
787 2099 855 2154 tum
869 2096 966 2155 leriae
980 2096 1208 2170 praecidaneae
1223 2094 1286 2152 divi

352 2190 484 2249 Martini.
774 2252 776 2256 ,

431 2285 633 2345 Conradus.
674 2272 752 2359 Quid
773 2283 861 2345 tum?
1218 2343 1220 2348 .

432 2377 626 2456 Georgius
666 2381 722 2440 Est
742 2384 818 2440 tunc
838 2382 953 2439 messis
975 2380 1065 2440 nobis
1087 2378 1284 2439 scholasticis

298 2537 301 2542 ,
353 2476 518 2545 uberrima,
541 2476 694 2551 siquidem
725 2477 757 2534 in
784 2477 851 2535 eius
878 2476 939 2535 diei
959 2492 1093 2550 vespera
1113 2491 1176 2534 non
1199 2491 1285 2534 escu-

315 2586 341 2629 m
354 2573 439 2630 lenta
454 2567 555 2630 solum
570 2573 660 2630 nobis
675 2572 793 2646 largius
809 2572 899 2630 solito
915 2572 1037 2641 dantur,
1054 2571 1111 2629 sed
1125 2572 1157 2629 et
1171 2570 1286 2646 stipem
1347 2576 1350 2581 '

354 2667 464 2741 egenis
485 2667 551 2725 dari
573 2667 711 2726 ostiatim
732 2669 780 2725 est
801 2669 973 2743 receptum.

431 2758 631 2821 Conradus
662 2761 747 2820 Bene
761 2779 884 2820 mecum
899 2765 1018 2838 agetur,
1035 2760 1286 2837 quandoquidem

354 2873 552 2915 corrasurum
565 2874 615 2915 me
630 2875 731 2932 spero,
752 2874 812 2932 quo
828 2858 962 2916 hiemem
978 2858 1168 2916 commodius
1183 2857 1285 2915 trans-

352 2952 439 3026 igere
459 2952 590 3010 valeam.

314 3060 340 3103 25
434 3045 629 3122 Georgius.
663 3045 709 3105 lta
722 3064 815 3120 spero
831 3047 972 3121 quidem;
993 3064 1088 3122 quare
1108 3048 1147 3106 ad
1161 3049 1286 3122 tempus

352 3144 387 3200 ut
407 3144 533 3217 praesto
555 3142 607 3209 sis,
630 3142 708 3199 vide.

717 3265 873 3272 *-

620 3389 848 3456 DIALOGVS
872 3391 965 3455 XIX.

326 3530 372 3583 De
399 3530 500 3583 ieiunii
528 3528 638 3583 violata
668 3530 811 3599 religione
843 3530 937 3599 deque
969 3530 1054 3584 divae
1076 3530 1258 3596 Catharinae‚

552 3616 714 3669 studiorum
731 3616 883 3686 praesidis,
902 3618 1026 3670 numine.

314 3736 341 3778 ao
579 3721 764 3780 Martinus
786 3725 823 3780 et
842 3722 1026 3782 Valerius.

433 3842 624 3901 Martinus
666 3841 745 3913 Quid
765 3843 844 3918 agis,
867 3844 1006 3902 omnium
1025 3840 1256 3917 impurissime?

432 3937 616 3997 Valerius.
659 3937 737 4010 Quid
763 3939 840 3996 adeo
865 3939 969 3998 in'me
990 3938 1206 4008 stomacharis,
1221 3938 1286 4013 'qui
