3234 4617
562 477 711 523 DIALOGVS
725 480 750 521 X.
764 478 861 522 XXXVII
882 480 958 533 (1520).
1119 487 1122 494 '
1210 485 1247 540 47

394 662 656 739 Pandulphus.
708 662 922 722 scholasticus
957 665 1091 738 quidam,
1123 666 1249 723 nomine

316 758 534 832 Hieronymus
556 760 612 818 tibi
632 758 829 818 familiariter
849 761 951 828 notus,
974 760 1027 833 qui
1048 762 1088 829 te,
1110 760 1137 818 si
1157 761 1262 823 modo.

317 854 541 928 tempestivum
562 857 620 923 est,
643 871 747 913 coram
768 853 883 927 alloqui
905 855 999 929 cupit.

394 946 683 1024 Ludimagister.
723 949 964 1021 Intromittatur3
985 950 1048 1009 iam
1062 966 1155 1019 nunc,
1175 950 1249 1023 quid

288 1044 401 1108 evelit,
424 1044 552 1103 conicio.

394 1138 650 1213 Hieronymus.
692 1138 794 1207 Salve,
810 1139 1037 1198 humanissime
1055 1140 1247 1214 praeceptor.

393 1231 685 1309 Ludimagister.
727 1232 765 1291 Et
786 1236 821 1292 tu
842 1234 949 1293 salvus
968 1235 1022 1303 sic,
1044 1234 1160 1309 optime
1174 1234 1247 1292 adu-

315 1328 450 1386 lescens.
488 1327 550 1387 Sed
571 1328 645 1401 quid
667 1330 723 1395 est,
746 1328 829 1401 quod
849 1346 899 1387 me
920 1326 1019 1387 velis‘l

393 1420 651 1497 Hieronymus
673 1421 784 1481 Paucis
796 1424 906 1481 dicam.
924 1423 1003 1495 Quia
1015 1425 1078 1483 iam
1089 1423 1247 1482 biennium
1272 1438 1274 1442 ’

277 1533 303 1573 11
316 1517 390 1575 tein
406 1517 465 1576 hoc
479 1518 551 1576 ludo
567 1519 732 1576 docentem
746 1518 861 1587 audivi,
876 1519 1040 1595 utriusque
1054 1519 1249 1577 litteraturae

314 1612 416 1687 prima
429 1614 607 1672 rudImenta
621 1615 675 1671 tua
689 1629 748 1688 ope
762 1617 932 1687 utcumque
946 1614 1086 1688 percepi;
1108 1614 1250 1672 bortatur

315 1724 399 1765 nunc
418 1724 476 1770 ,me
502 1710 569 1766 tum
594 1715 710 1783 parens
742 1712 808 1766 tum
837 1709 930 1767 etiam
957 1709 1036 1767 haec
1062 1725 1133 1767 mea
1162 1711 1249 1766 aetas

315 1802 475 1870 maturior,
497 1803 534 1860 ut
553 1803 627 1861 binc
647 1804 680 1862 iu
702 1804 895 1863 academiam
917 1804 1054 1878 aliquam
1074 1804 1115 1863 ad
1128 1804 1248 1862 uberio-
1277 1816 1279 1821 ’

316 1913 382 1955 rem
403 1898 523 1971 ingenii
545 1897 662 1956 cultum
685 1899 874 1974 capiendum
899 1915 949 1957 me
977 1898 1144 1958 conferam.
1185 1898 1249 1956 Hoc

278 2005 302 2047 15
316 1994 352 2050 ut
372 1991 496 2050 felicius
516 1991 639 2060 faciam,
663 1996 715 2051 tuo
738 1993 867 2052 consilio
889 2010 968 2068 opus
990 1995 1054 2065 est3
1076 2010 1149 2052 nam
1168 1994 1251 2051 inter

316 2092 370 2156 tot,
397 2091 432 2146 ut
457 2091 581 2157 vocant,
613 2089 847 2156 universitates
880 2091 956 2163 quot
985 2089 1046 2147 iam
1073 2087 1145 2146 olim
1176 2088 1250 2146 sunt

314 2184 479 2243 institutae
508 2186 539 2241 et
566 2184 657 2243 hodie
682 2185 802 2259 passim
828 2200 929 2243 novae
954 2185 1143 2253 exoriuntur,
1175 2182 1248 2241 mibi

317 2279 470 2337 eiusmodi
491 2296 596 2338 rerum
617 2279 726 2353 ignaro
749 2279 879 2337 difficile
898 2278 993 2354 plaue
1007 2281 1056 2337 est
1071 2280 1147 2347 eiua,
1170 2294 1249 2353 quae

316 2375 454 2432 omnium
486 2375 527 2433 sit
552 2374 799 2433 instructissima
830 2376 862 2433 et
886 2376 965 2433 meis
991 2374 1103 2433 studiis
1129 2390 1248 2432 accom-

274 2483 301 2524 20
314 2469 537 2537 modatissima‚
561 2470 716 2528 delectum
737 2470 862 2528 habere.

394 2564 684 2640 Ludimagister.
727 2563 901 2624 Prudenter
923 2566 973 2623 hic
994 2564 1157 2633 deliberas,
1178 2562 1247 2621 Hie·

315 2676 453 2733 ronyme.
496 2659 577 2718 Sunt
597 2661 776 2719 academiae
801 2660 895 2735 idque
911 2662 952 2734 ¹in
974 2659 1148 2727 Germania,
1171 2675 1248 2733 quas

316 2753 520 2812 vehementer
541 2755 680 2829 probem,
713 2759 788 2813 sunt
818 2756 902 2823 item,
935 2773 1014 2831 quas
1045 2756 1168 2830 cupiam
1199 2753 1249 2812 vel

319 2849 443 2906 omnino
465 2866 528 2907 non
555 2866 626 2907 esse
647 2849 697 2908 vel
722 2851 754 2908 in
776 2852 877 2909 totum
897 2851 1064 2909 immutari.
1104 2850 1145 2907 Vt
1166 2850 1248 2907 enim

279 2944 351 3001 rein
382 2960 416 3001 re
441 2943 567 3002 militari
598 2944 670 3002 duci
703 2944 764 3003 dux
795 2949 826 3004 et
856 2946 946 3004 militi
972 2946 1071 3013 miles,
1102 2948 1138 3003 ut
1162 2945 1193 3002 in
1215 2961 1248 3002 re

289 3052 348 3105 [1111
371 3039 496 3114 publica
510 3041 636 3097 senator
650 3041 788 3099 senatori
802 3042 834 3099 et
849 3042 909 3099 civi
924 3042 1009 3109 civis,
1025 3040 1136 3100 artifex
1154 3038 1157 3116 l
1177 3040 1248 3099 arti·

318 3133 381 3192 fici
413 3136 448 3191 ut
474 3135 607 3208 denique
632 3134 724 3191 homo
749 3134 876 3203 homiui,
908 3135 953 3191 sic
979 3134 1087 3192 schola
1114 3132 1248 3201 scholae,

316 3229 387 3286 doct
375 3232 424 3287 tor
449 3230 576 3295 doctori,
607 3229 760 3303 magister
790 3230 906 3303 magist
907 3245 941 3286 ro
971 3230 1120 3304 praestat
1162 3227 1249 3299 Quod

316 3323 484 3382 discrimen
515 3325 567 3398 qui
598 3341 661 3382 non
682 3325 818 3399 advertit
805 3328 982 3399 toperam
1013 3328 1045 3383 11
1033 3324 1235 3392 toleumu

274 3432 302 3473 ec
316 3419 412 3486 aiunt,
440 3419 624 3494 plerumque
655 3420 765 3495 perdit
801 3420 904 3493 Atque
924 3422 959 3478 ut
981 3422 1100 3478 certum
1123 3420 1247 3494 aliquid,

315 3514 397 3587 quod
431 3514 481 3573 hic
515 3515 666 3588 sequaris,
702 3515 829 3580 habeas,
869 3515 901 3573 in
936 3515 995 3573 hac
1022 3515 1247 3574 deliberatione

314 3610 522 3684 spectandum
552 3610 619 3678 erit,
653 3627 715 3668 non
751 3627 831 3684 quae
866 3609 1045 3686 magnificis
1081 3610 1246 3677 aedificiis,

314 3706 441 3763 tametsi
462 3705 591 3763 ethaeo
612 3705 732 3763 decoris
754 3705 870 3779 aliquid
892 3706 1019 3774 addunt,
1042 3708 1098 3773 sed
1120 3708 1246 3781 optimis

315 3801 416 3858 omnis
450 3801 576 3875 generis
616 3802 874 3876 praeceptoribus
913 3802 955 3859 sit
993 3801 1246 3861 instructissima.

274 3894 461 3965 aePrimum,
488 3912 567 3969 quac
592 3896 686 3953 trium
711 3897 892 3971 linguarum
913 3896 1109 3972 professores
1135 3899 1251 3957 habeat
