3234 4617
663 511 941 560 umuoovsxuxvr.
1259 514 1295 571 23

438 696 618 755 lulianus.
660 694 867 766 Quaestiones
887 697 979 756 hodie
999 696 1081 756 liunt
1094 697 1127 754 in
1140 696 1213 754 ludo
1233 712 1294 754 nou

361 791 452 850 aliter
472 808 566 865 quam
587 791 722 864 quadam
744 791 934 851 carnificina.

438 886 651 946 Damianus
693 886 771 958 Quid
792 883 922 945 narras?

437 982 617 1039 lulianus.
671 980 754 1039 Vera
788 981 923 1055 quidem,
962 998 1035 1040 nam
1074 980 1111 1039 da
1151 980 1293 1055 singuiis,

336 1090 440 1151 squas
471 1093 529 1151 per
559 1077 659 1135 totum
684 1076 880 1152 septimanae
912 1093 1039 1135 cursum
1060 1092 1181 1152 quoquo
1203 1075 1293 1134 modo

362 1172 583 1241 commisimus,
615 1171 706 1231 hodie
745 1173 877 1247 quisque
907 1188 962 1247 pro
995 1189 1029 1231 se
1060 1188 1178 1247 poenas
1220 1172 1294 1229 dare

306 1307 309 1313 -
362 1268 511 1343 cogimur.
1240 1336 1243 1343 ι

437 1361 651 1422 Damianus.
692 1362 787 1437 Atqui
812 1361 893 1420 scire
917 1364 1050 1436 possunt
1063 1362 1292 1436 praeceptores,

361 1473 440 1531 quaa
461 1458 577 1533 singuli
599 1474 656 1516 nos
678 1452 901 1532 designemus?

323 1566 348 1607 10
438 1553 618 1612 lulianus.
674 1553 750 1611 Arte
782 1551 917 1626 quadam
949 1550 1053 1610 omnia
1082 1550 1291 1626 expiscantur‚

359 1649 395 1705 ut
415 1648 491 1706 nihil
511 1648 572 1707 illis
593 1648 750 1708 occultum
771 1664 842 1705 esse
863 1647 972 1722 possit.

438 1742 650 1802 Damianus.
717 1743 795 1815 Quid
828 1739 891 1801 ital
949 1742 1032 1801 Num
1066 1740 1292 1800 divinationum

359 1840 433 1897 sunt
454 1836 565 1913 periti?
820 1892 824 1899 .

436 1932 615 1992 lulianus.
657 1933 793 2001 Minime,
820 1933 877 1992 sed
898 1933 960 1992 alia
981 1931 1031 1990 via
1052 1931 1161 1989 eodem
1182 1946 1290 2005 perve-

319 2040 345 2083 15
358 2028 458 2095 uiant,
491 2044 564 2086 nam
585 2028 703 2102 aliquot
724 2029 901 2111 clanculum
931 2028 963 2086 in
994 2027 1054 2086 hoc
1075 2026 1201 2086 selectis
1221 2042 1290 2100 pro-

358 2122 494 2181 vinciam
528 2124 604 2182 dant
654 2141 710 2182 nos
750 2140 826 2182 suos
865 2122 1091 2182 commilitones
1132 2120 1291 2181 deferendi

357 2217 580 2291 prodendiq'ua,
611 2220 647 2277 ut
677 2235 834 2292 nusquam
868 2219 1035 2292 quicquam
1066 2217 1191 2275 omnino
1225 2219 1290 2275 tuto

359 2327 453 2386 agere
476 2328 637 2386 queamus.
679 2312 811 2388 Semper
832 2312 915 2371 enirn
936 2312 1116 2379 verendum,
1142 2328 1183 2370 nc
1208 2312 1289 2386 quis·

319 2409 379 2463 {cra}
410 2406 494 2480 piam
526 2423 564 2465 ex
594 2408 745 2466 eiusmodi
764 2406 767 2482 Ι
788 2406 973 2481 ‘Corycaeis'
1001 2424 1058 2465 nos
1081 2407 1237 2466 auscultet
1258 2412 1290 2465 et

298 2514 344 2556 v20
357 2500 451 2575 lupus
472 2502 514 2560 sit
533 2502 565 2559 in
586 2501 700 2571 fabula,
723 2502 782 2561 hoc
804 2505 860 2571 θεῖ,
883 2502 934 2562 ille
955 2503 1023 2577 ipse
1038 2501 1128 2560 nobis
1143 2502 1287 2578 ignoran-

298 2585 300 2589 '
357 2595 440 2654 tibus
462 2596 551 2665 adsit,
584 2598 637 2671 qui
667 2598 756 2672 quasi
777 2598 991 2658 conducticias
1017 2597 1156 2672 proditor
1185 2597 1289 2655 omnia

356 2690 396 2750 ad
415 2694 652 2766 praeceptorem
673 2692 801 2752 deferat.

434 2784 648 2860 Damianus
690 2787 754 2847 Hoc
769 2787 845 2846 illud
860 2787 968 2846 forsan
983 2790 1041 2856 est,
1063 2787 1145 2861 quod
1161 2786 1287 2861 ‘lupum’

356 2881 448 2939 audio
469 2882 629 2956 appellari,
651 2899 725 2941 nam
746 2899 860 2941 nomen
882 2881 984 2941 solum
998 2884 1031 2941 in
1045 2882 1213 2951 aa‘schcla
1234 2883 1288 2941 ubi

314 2988 342 3031 25
355 2976 428 3034 ante
449 2977 508 3052 egi,
530 2977 712 3037 iactabatur.

432 3070 609 3130 lulianus.
661 3071 690 3131 Is
715 3073 784 3147 ipse
806 3075 855 3130 est
875 3072 926 3131 ille
949 3072 1157 3131 clancularius
1183 3072 1285 3147 lupus,

355 3181 448 3239 quern
479 3183 537 3225 nos
569 3168 682 3225 miselli
717 3184 779 3225 non
821 3167 925 3225 minus
957 3168 1099 3226 odiosum
1123 3167 1286 3237 habemus,

354 3275 448 3333 quam
468 3260 568 3320 ieram
588 3262 674 3321 illam
695 3261 929 3336 quadrupedem
950 3262 1079 3320 horrent
1099 3279 1183 3321 oves.

432 3354 647 3415 Damianos.
687 3356 812 3425 Vereor,
845 3374 885 3415 no
907 3359 937 3415 et
961 3374 1018 3416 nos
1040 3357 1131 3417 hodio
1153 3358 1286 3430 deierat3

313 3460 341 3503 oc
355 3450 557 3522 quamobrem
578 3452 778 3527 cogitandum
799 3451 875 3509 mihi
897 3454 954 3519 θεῖ,
976 3453 1020 3520 ut,
1043 3452 1070 3510 si
1090 3452 1198 3511 forsan
1213 3469 1285 3511 reus

353 3542 451 3612 fuero,
482 3545 532 3603 vel
562 3563 612 3604 me
634 3563 804 3622 expurgem
825 3546 876 3605 vel
907 3563 1001 3621 quam
1031 3548 1160 3606 minima
1184 3565 1286 3622 poena

353 3638 516 3715 defungar.
