<?xml version="1.0" encoding="UTF-8"?>
<!DOCTYPE html PUBLIC "-//W3C//DTD XHTML 1.0 Transitional//EN"
    "http://www.w3.org/TR/xhtml1/DTD/xhtml1-transitional.dtd">
<html xmlns="http://www.w3.org/1999/xhtml" xml:lang="en" lang="en">
 <head>
  <title>
</title>
<meta http-equiv="Content-Type" content="text/html;charset=utf-8" />
  <meta name='ocr-system' content='tesseract 3.04.00' />
  <meta name='ocr-capabilities' content='ocr_page ocr_carea ocr_par ocr_line ocrx_word'/>
</head>
<body>
  <div class='ocr_page' id='page_1' title='image "./petrvsmosellanv01schagoog_0080.png"; bbox 0 0 3234 4617; ppageno 0'>
   <div class='ocr_carea' id='block_1_1' title="bbox 618 506 1033 556">
    <p class='ocr_par' dir='ltr' id='par_1_1' title="bbox 618 506 1033 556">
     <span class='ocr_line' id='line_1_1' title="bbox 618 506 1033 556; baseline 0.005 -8"><span class='ocrx_word' id='word_1_1' title='bbox 618 506 821 556; x_wconf 77' lang='lat' dir='ltr'>nosELLans,</span> <span class='ocrx_word' id='word_1_2' title='bbox 834 506 1033 550; x_wconf 79' lang='lat' dir='ltr'><strong>PAEDOLOGIA.</strong></span> 
     </span>
    </p>
   </div>
   <div class='ocr_carea' id='block_1_2' title="bbox 322 690 1328 2098">
    <p class='ocr_par' dir='ltr' id='par_1_2' title="bbox 386 690 1322 957">
     <span class='ocr_line' id='line_1_2' title="bbox 466 690 1322 766; baseline 0.001 -18"><span class='ocrx_word' id='word_1_3' title='bbox 466 690 691 750; x_wconf 76' lang='lat' dir='ltr'>Fridericus</span> <span class='ocrx_word' id='word_1_4' title='bbox 732 691 773 749; x_wconf 87' lang='lat' dir='ltr'>At</span> <span class='ocrx_word' id='word_1_5' title='bbox 787 708 845 766; x_wconf 87' lang='lat' dir='ltr'>ego</span> <span class='ocrx_word' id='word_1_6' title='bbox 857 691 989 751; x_wconf 89' lang='lat' dir='ltr'>huiusce</span> <span class='ocrx_word' id='word_1_7' title='bbox 1004 692 1068 750; x_wconf 92' lang='lat' dir='ltr'>ludi</span> <span class='ocrx_word' id='word_1_8' title='bbox 1080 708 1141 750; x_wconf 92' lang='lat' dir='ltr'>non</span> <span class='ocrx_word' id='word_1_9' title='bbox 1154 692 1322 750; x_wconf 79' lang='lat' dir='ltr'>admodum</span> 
     </span>
     <span class='ocr_line' id='line_1_3' title="bbox 388 786 1322 861; baseline -0.001 -17"><span class='ocrx_word' id='word_1_10' title='bbox 388 803 459 845; x_wconf 88' lang='lat' dir='ltr'>sum</span> <span class='ocrx_word' id='word_1_11' title='bbox 487 787 618 860; x_wconf 87' lang='lat' dir='ltr'>peritus,</span> <span class='ocrx_word' id='word_1_12' title='bbox 650 803 723 844; x_wconf 91' lang='lat' dir='ltr'>nam</span> <span class='ocrx_word' id='word_1_13' title='bbox 754 803 814 845; x_wconf 90' lang='lat' dir='ltr'>nec</span> <span class='ocrx_word' id='word_1_14' title='bbox 849 789 939 845; x_wconf 89' lang='lat' dir='ltr'>caute</span> <span class='ocrx_word' id='word_1_15' title='bbox 970 788 1066 861; x_wconf 88' lang='lat' dir='ltr'>pilam</span> <span class='ocrx_word' id='word_1_16' title='bbox 1105 786 1229 845; x_wconf 86' lang='lat' dir='ltr'>mittere</span> <span class='ocrx_word' id='word_1_17' title='bbox 1265 802 1322 844; x_wconf 88' lang='lat' dir='ltr'>nec</span> 
     </span>
     <span class='ocr_line' id='line_1_4' title="bbox 386 881 1159 957; baseline -0.003 -16"><span class='ocrx_word' id='word_1_18' title='bbox 386 883 518 941; x_wconf 90' lang='lat' dir='ltr'>missam</span> <span class='ocrx_word' id='word_1_19' title='bbox 537 898 634 940; x_wconf 93' lang='lat' dir='ltr'>manu</span> <span class='ocrx_word' id='word_1_20' title='bbox 655 882 733 940; x_wconf 88' lang='lat' dir='ltr'>satis</span> <span class='ocrx_word' id='word_1_21' title='bbox 755 883 842 940; x_wconf 89' lang='lat' dir='ltr'>certa</span> <span class='ocrx_word' id='word_1_22' title='bbox 863 882 1006 957; x_wconf 80' lang='lat' dir='ltr'>excipere</span> <span class='ocrx_word' id='word_1_23' title='bbox 1028 881 1159 942; x_wconf 82' lang='lat' dir='ltr'>sufficio.</span> 
     </span>
    </p>

    <p class='ocr_par' dir='ltr' id='par_1_3' title="bbox 466 976 1322 1053">
     <span class='ocr_line' id='line_1_5' title="bbox 466 976 1322 1053; baseline -0.002 -18"><span class='ocrx_word' id='word_1_24' title='bbox 466 977 660 1035; x_wconf 82' lang='lat' dir='ltr'>chricus</span> <span class='ocrx_word' id='word_1_25' title='bbox 703 977 785 1035; x_wconf 91' lang='lat' dir='ltr'>Nihil</span> <span class='ocrx_word' id='word_1_26' title='bbox 806 980 862 1045; x_wconf 85' lang='lat' dir='ltr'>est,</span> <span class='ocrx_word' id='word_1_27' title='bbox 886 979 968 1052; x_wconf 87' lang='lat' dir='ltr'>quod</span> <span class='ocrx_word' id='word_1_28' title='bbox 988 978 1047 1036; x_wconf 91' lang='lat' dir='ltr'>hac</span> <span class='ocrx_word' id='word_1_29' title='bbox 1061 977 1164 1053; x_wconf 85' lang='lat' dir='ltr'>gratia</span> <span class='ocrx_word' id='word_1_30' title='bbox 1179 976 1224 1035; x_wconf 92' lang='lat' dir='ltr'>sis</span> <span class='ocrx_word' id='word_1_31' title='bbox 1240 976 1322 1034; x_wconf 86' lang='lat' dir='ltr'>selli-</span> 
     </span>
    </p>

    <p class='ocr_par' dir='ltr' id='par_1_4' title="bbox 322 1072 1324 1813">
     <span class='ocr_line' id='line_1_6' title="bbox 362 1072 1324 1148; baseline -0.001 -19"><span class='ocrx_word' id='word_1_32' title='bbox 362 1074 486 1132; x_wconf 80' lang='lat' dir='ltr'>scitus:</span> <span class='ocrx_word' id='word_1_33' title='bbox 517 1074 588 1148; x_wconf 89' lang='lat' dir='ltr'>ipsa</span> <span class='ocrx_word' id='word_1_34' title='bbox 609 1073 653 1131; x_wconf 85' lang='lat' dir='ltr'>rei</span> <span class='ocrx_word' id='word_1_35' title='bbox 681 1073 861 1131; x_wconf 84' lang='lat' dir='ltr'>exercitatio</span> <span class='ocrx_word' id='word_1_36' title='bbox 883 1076 915 1132; x_wconf 90' lang='lat' dir='ltr'>te</span> <span class='ocrx_word' id='word_1_37' title='bbox 937 1074 1013 1132; x_wconf 90' lang='lat' dir='ltr'>satis</span> <span class='ocrx_word' id='word_1_38' title='bbox 1044 1073 1119 1147; x_wconf 89' lang='lat' dir='ltr'>quid</span> <span class='ocrx_word' id='word_1_39' title='bbox 1138 1072 1222 1131; x_wconf 85' lang='lat' dir='ltr'>iactu</span> <span class='ocrx_word' id='word_1_40' title='bbox 1244 1088 1324 1146; x_wconf 88' lang='lat' dir='ltr'>opus</span> 
     </span>
     <span class='ocr_line' id='line_1_7' title="bbox 389 1166 1323 1239; baseline -0.001 -13"><span class='ocrx_word' id='word_1_41' title='bbox 389 1168 432 1226; x_wconf 88' lang='lat' dir='ltr'>sit</span> <span class='ocrx_word' id='word_1_42' title='bbox 456 1168 643 1227; x_wconf 82' lang='lat' dir='ltr'>admonebit.</span> <span class='ocrx_word' id='word_1_43' title='bbox 696 1166 781 1239; x_wconf 88' lang='lat' dir='ltr'>Quod</span> <span class='ocrx_word' id='word_1_44' title='bbox 813 1168 840 1226; x_wconf 93' lang='lat' dir='ltr'>si</span> <span class='ocrx_word' id='word_1_45' title='bbox 866 1169 938 1227; x_wconf 89' lang='lat' dir='ltr'>hinc</span> <span class='ocrx_word' id='word_1_46' title='bbox 962 1168 1063 1228; x_wconf 87' lang='lat' dir='ltr'>modis</span> <span class='ocrx_word' id='word_1_47' title='bbox 1095 1169 1239 1226; x_wconf 89' lang='lat' dir='ltr'>omnibus</span> <span class='ocrx_word' id='word_1_48' title='bbox 1272 1168 1323 1226; x_wconf 90' lang='lat' dir='ltr'>ab·</span> 
     </span>
     <span class='ocr_line' id='line_1_8' title="bbox 389 1262 1324 1339; baseline -0.001 -18"><span class='ocrx_word' id='word_1_49' title='bbox 389 1263 508 1332; x_wconf 77' lang='lat' dir='ltr'>horrea,</span> <span class='ocrx_word' id='word_1_50' title='bbox 523 1280 582 1338; x_wconf 88' lang='lat' dir='ltr'>age</span> <span class='ocrx_word' id='word_1_51' title='bbox 593 1262 705 1322; x_wconf 72' lang='lat' dir='ltr'>vludum</span> <span class='ocrx_word' id='word_1_52' title='bbox 718 1264 849 1322; x_wconf 87' lang='lat' dir='ltr'>minoris</span> <span class='ocrx_word' id='word_1_53' title='bbox 864 1264 990 1339; x_wconf 87' lang='lat' dir='ltr'>negotii,</span> <span class='ocrx_word' id='word_1_54' title='bbox 1005 1279 1118 1338; x_wconf 90' lang='lat' dir='ltr'>nempe</span> <span class='ocrx_word' id='word_1_55' title='bbox 1130 1263 1324 1338; x_wconf 80' lang='lat' dir='ltr'>globularenr</span> 
     </span>
     <span class='ocr_line' id='line_1_9' title="bbox 389 1358 1282 1437; baseline 0 -22"><span class='ocrx_word' id='word_1_56' title='bbox 389 1358 586 1433; x_wconf 90' lang='lat' dir='ltr'>incipiamus.</span> <span class='ocrx_word' id='word_1_57' title='bbox 679 1400 681 1403; x_wconf 57' lang='lat'><em>.</em></span> <span class='ocrx_word' id='word_1_58' title='bbox 1276 1427 1282 1437; x_wconf 34' lang='grc' dir='ltr'>Ι</span> 
     </span>
     <span class='ocr_line' id='line_1_10' title="bbox 351 1451 1324 1523; baseline -0.003 -11"><span class='ocrx_word' id='word_1_59' title='bbox 351 1458 413 1512; x_wconf 75' lang='lat' dir='ltr'>lssssbl</span> <span class='ocrx_word' id='word_1_60' title='bbox 468 1452 695 1512; x_wconf 84' lang='lat' dir='ltr'>Fridericus.</span> <span class='ocrx_word' id='word_1_61' title='bbox 741 1451 869 1523; x_wconf 86' lang='lat' dir='ltr'>Quando</span> <span class='ocrx_word' id='word_1_62' title='bbox 899 1453 944 1511; x_wconf 89' lang='lat' dir='ltr'>ita</span> <span class='ocrx_word' id='word_1_63' title='bbox 970 1454 1076 1521; x_wconf 71' lang='lat' dir='ltr'>vultis</span> <span class='ocrx_word' id='word_1_64' title='bbox 1111 1468 1173 1511; x_wconf 92' lang='lat' dir='ltr'>non</span> <span class='ocrx_word' id='word_1_65' title='bbox 1204 1468 1324 1519; x_wconf 90' lang='lat' dir='ltr'>recuso,</span> 
     </span>
     <span class='ocr_line' id='line_1_11' title="bbox 322 1546 1323 1623; baseline 0 -18"><span class='ocrx_word' id='word_1_66' title='bbox 322 1615 327 1623; x_wconf 26' lang='lat'>¹</span> <span class='ocrx_word' id='word_1_67' title='bbox 353 1563 379 1605; x_wconf 83' lang='grc' dir='ltr'>ιο</span> <span class='ocrx_word' id='word_1_68' title='bbox 391 1548 518 1607; x_wconf 86' lang='lat' dir='ltr'>tametsi</span> <span class='ocrx_word' id='word_1_69' title='bbox 549 1550 673 1623; x_wconf 89' lang='lat' dir='ltr'>praeter</span> <span class='ocrx_word' id='word_1_70' title='bbox 692 1548 791 1606; x_wconf 91' lang='lat' dir='ltr'>risum</span> <span class='ocrx_word' id='word_1_71' title='bbox 816 1548 1025 1622; x_wconf 80' lang='lat' dir='ltr'>spectantium</span> <span class='ocrx_word' id='word_1_72' title='bbox 1046 1548 1122 1606; x_wconf 91' lang='lat' dir='ltr'>nihil</span> <span class='ocrx_word' id='word_1_73' title='bbox 1151 1564 1201 1606; x_wconf 90' lang='lat' dir='ltr'>me</span> <span class='ocrx_word' id='word_1_74' title='bbox 1222 1546 1323 1606; x_wconf 89' lang='lat' dir='ltr'>lucra·</span> 
     </span>
     <span class='ocr_line' id='line_1_12' title="bbox 391 1641 1324 1718; baseline -0.003 -16"><span class='ocrx_word' id='word_1_75' title='bbox 391 1645 496 1702; x_wconf 91' lang='lat' dir='ltr'>turum</span> <span class='ocrx_word' id='word_1_76' title='bbox 517 1643 590 1701; x_wconf 90' lang='lat' dir='ltr'>scic.</span> <span class='ocrx_word' id='word_1_77' title='bbox 623 1642 781 1718; x_wconf 76' lang='lat' dir='ltr'>SIquidem</span> <span class='ocrx_word' id='word_1_78' title='bbox 801 1643 855 1701; x_wconf 92' lang='lat' dir='ltr'>ubi</span> <span class='ocrx_word' id='word_1_79' title='bbox 869 1643 973 1702; x_wconf 89' lang='lat' dir='ltr'>decies</span> <span class='ocrx_word' id='word_1_80' title='bbox 988 1644 1142 1709; x_wconf 83' lang='lat' dir='ltr'>aberrare,</span> <span class='ocrx_word' id='word_1_81' title='bbox 1157 1643 1211 1700; x_wconf 87' lang='lat' dir='ltr'>vix</span> <span class='ocrx_word' id='word_1_82' title='bbox 1225 1641 1324 1701; x_wconf 89' lang='lat' dir='ltr'>semel</span> 
     </span>
     <span class='ocr_line' id='line_1_13' title="bbox 391 1737 1160 1813; baseline -0.001 -17"><span class='ocrx_word' id='word_1_83' title='bbox 391 1738 518 1797; x_wconf 87' lang='lat' dir='ltr'>tandem</span> <span class='ocrx_word' id='word_1_84' title='bbox 537 1737 614 1797; x_wconf 84' lang='lat' dir='ltr'>ferio</span> <span class='ocrx_word' id='word_1_85' title='bbox 636 1738 729 1813; x_wconf 87' lang='lat' dir='ltr'>idque</span> <span class='ocrx_word' id='word_1_86' title='bbox 750 1755 826 1797; x_wconf 87' lang='lat' dir='ltr'>casu</span> <span class='ocrx_word' id='word_1_87' title='bbox 847 1739 948 1813; x_wconf 85' lang='lat' dir='ltr'>magis</span> <span class='ocrx_word' id='word_1_88' title='bbox 970 1755 1064 1812; x_wconf 90' lang='lat' dir='ltr'>quam</span> <span class='ocrx_word' id='word_1_89' title='bbox 1085 1740 1160 1796; x_wconf 88' lang='lat' dir='ltr'>arte.</span> 
     </span>
    </p>

    <p class='ocr_par' dir='ltr' id='par_1_5' title="bbox 469 1832 1323 1908">
     <span class='ocr_line' id='line_1_14' title="bbox 469 1832 1323 1908; baseline -0.004 -17"><span class='ocrx_word' id='word_1_90' title='bbox 469 1832 661 1892; x_wconf 81' lang='lat' dir='ltr'>Henricus</span> <span class='ocrx_word' id='word_1_91' title='bbox 702 1832 772 1891; x_wconf 89' lang='lat' dir='ltr'>Non</span> <span class='ocrx_word' id='word_1_92' title='bbox 793 1833 901 1908; x_wconf 80' lang='lat' dir='ltr'>magni</span> <span class='ocrx_word' id='word_1_93' title='bbox 915 1832 1011 1891; x_wconf 83' lang='lat' dir='ltr'>refert</span> <span class='ocrx_word' id='word_1_94' title='bbox 1024 1834 1057 1891; x_wconf 94' lang='lat' dir='ltr'>in</span> <span class='ocrx_word' id='word_1_95' title='bbox 1070 1833 1129 1892; x_wconf 91' lang='lat' dir='ltr'>hcc</span> <span class='ocrx_word' id='word_1_96' title='bbox 1144 1832 1323 1899; x_wconf 78' lang='lat' dir='ltr'>certamine,</span> 
     </span>
    </p>

    <p class='ocr_par' dir='ltr' id='par_1_6' title="bbox 356 1928 1328 2098">
     <span class='ocr_line' id='line_1_15' title="bbox 391 1928 1328 2004; baseline -0.004 -17"><span class='ocrx_word' id='word_1_97' title='bbox 391 1929 500 1987; x_wconf 89' lang='lat' dir='ltr'>vincas</span> <span class='ocrx_word' id='word_1_98' title='bbox 528 1945 568 1987; x_wconf 90' lang='lat' dir='ltr'>an</span> <span class='ocrx_word' id='word_1_99' title='bbox 589 1928 740 1999; x_wconf 82' lang='lat' dir='ltr'>vincaris3</span> <span class='ocrx_word' id='word_1_100' title='bbox 771 1944 873 2002; x_wconf 92' lang='lat' dir='ltr'>neque</span> <span class='ocrx_word' id='word_1_101' title='bbox 908 1929 993 1987; x_wconf 90' lang='lat' dir='ltr'>enim</span> <span class='ocrx_word' id='word_1_102' title='bbox 1014 1931 1107 2004; x_wconf 87' lang='lat' dir='ltr'>caput</span> <span class='ocrx_word' id='word_1_103' title='bbox 1138 1928 1243 2003; x_wconf 80' lang='lat' dir='ltr'>agitur</span> <span class='ocrx_word' id='word_1_104' title='bbox 1273 1929 1328 1985; x_wconf 87' lang='lat' dir='ltr'>aut</span> 
     </span>
     <span class='ocr_line' id='line_1_16' title="bbox 356 2024 769 2098; baseline 0.002 -19"><span class='ocrx_word' id='word_1_105' title='bbox 356 2037 380 2079; x_wconf 88' lang='lat'>15</span> <span class='ocrx_word' id='word_1_106' title='bbox 393 2040 449 2098; x_wconf 95' lang='lat' dir='ltr'>pro</span> <span class='ocrx_word' id='word_1_107' title='bbox 470 2024 604 2098; x_wconf 91' lang='lat' dir='ltr'>pecunia</span> <span class='ocrx_word' id='word_1_108' title='bbox 624 2025 769 2082; x_wconf 88' lang='lat' dir='ltr'>certatur.</span> 
     </span>
    </p>
   </div>
   <div class='ocr_carea' id='block_1_3' title="bbox 665 2383 1031 2504">
    <p class='ocr_par' dir='ltr' id='par_1_7' title="bbox 665 2383 1031 2504">
     <span class='ocr_line' id='line_1_17' title="bbox 665 2383 1031 2504; baseline -0.005 -1"><span class='ocrx_word' id='word_1_109' title='bbox 665 2437 893 2504; x_wconf 77' lang='lat' dir='ltr'>nmuccvs</span> <span class='ocrx_word' id='word_1_110' title='bbox 915 2437 1008 2503; x_wconf 72' lang='lat' dir='ltr'>nvi.</span> <span class='ocrx_word' id='word_1_111' title='bbox 1029 2383 1031 2388; x_wconf 32' lang='lat'>⁵</span> 
     </span>
    </p>
   </div>
   <div class='ocr_carea' id='block_1_4' title="bbox 605 2594 1070 2654">
    <p class='ocr_par' dir='ltr' id='par_1_8' title="bbox 605 2594 1070 2654">
     <span class='ocr_line' id='line_1_18' title="bbox 605 2594 1070 2654; baseline -0.002 0"><span class='ocrx_word' id='word_1_112' title='bbox 605 2596 778 2654; x_wconf 89' lang='lat' dir='ltr'>lulianus</span> <span class='ocrx_word' id='word_1_113' title='bbox 799 2596 836 2654; x_wconf 90' lang='lat' dir='ltr'>et</span> <span class='ocrx_word' id='word_1_114' title='bbox 857 2594 1070 2654; x_wconf 79' lang='lat' dir='ltr'>Damianus</span> 
     </span>
    </p>
   </div>
   <div class='ocr_carea' id='block_1_5' title="bbox 372 2738 1304 2890">
    <p class='ocr_par' dir='ltr' id='par_1_9' title="bbox 372 2738 1304 2890">
     <span class='ocr_line' id='line_1_19' title="bbox 372 2738 1304 2812; baseline -0.002 -17"><span class='ocrx_word' id='word_1_115' title='bbox 372 2742 418 2796; x_wconf 87' lang='lat' dir='ltr'>Dc</span> <span class='ocrx_word' id='word_1_116' title='bbox 444 2742 663 2812; x_wconf 85' lang='lat' dir='ltr'>quaestionibus</span> <span class='ocrx_word' id='word_1_117' title='bbox 692 2741 917 2802; x_wconf 86' lang='lat' dir='ltr'>commissorum,</span> <span class='ocrx_word' id='word_1_118' title='bbox 947 2756 1021 2810; x_wconf 87' lang='lat' dir='ltr'>quae</span> <span class='ocrx_word' id='word_1_119' title='bbox 1050 2740 1097 2794; x_wconf 88' lang='lat' dir='ltr'>die</span> <span class='ocrx_word' id='word_1_120' title='bbox 1125 2738 1248 2794; x_wconf 83' lang='lat' dir='ltr'>Veneris</span> <span class='ocrx_word' id='word_1_121' title='bbox 1276 2741 1304 2793; x_wconf 87' lang='lat' dir='ltr'>in</span> 
     </span>
     <span class='ocr_line' id='line_1_20' title="bbox 696 2835 975 2890; baseline -0.004 -1"><span class='ocrx_word' id='word_1_122' title='bbox 696 2835 774 2890; x_wconf 87' lang='lat' dir='ltr'>ludis</span> <span class='ocrx_word' id='word_1_123' title='bbox 794 2840 975 2889; x_wconf 87' lang='lat' dir='ltr'>exercentur.</span> 
     </span>
    </p>
   </div>
   <div class='ocr_carea' id='block_1_6' title="bbox 349 2973 1335 4007">
    <p class='ocr_par' dir='ltr' id='par_1_10' title="bbox 358 2973 1332 3417">
     <span class='ocr_line' id='line_1_21' title="bbox 358 2973 1330 3059; baseline 0 -24"><span class='ocrx_word' id='word_1_124' title='bbox 358 2994 385 3035; x_wconf 87' lang='lat'>20</span> <span class='ocrx_word' id='word_1_125' title='bbox 476 2978 654 3059; x_wconf 77' lang='lat' dir='ltr'>Iulianus</span> <span class='ocrx_word' id='word_1_126' title='bbox 711 2974 734 3033; x_wconf 89' lang='lat'>0</span> <span class='ocrx_word' id='word_1_127' title='bbox 765 2976 873 3033; x_wconf 89' lang='lat' dir='ltr'>noster</span> <span class='ocrx_word' id='word_1_128' title='bbox 904 2973 1064 3043; x_wconf 89' lang='lat' dir='ltr'>Damiane‚</span> <span class='ocrx_word' id='word_1_129' title='bbox 1097 2974 1185 3034; x_wconf 86' lang='lat' dir='ltr'>adest</span> <span class='ocrx_word' id='word_1_130' title='bbox 1219 2993 1330 3035; x_wconf 88' lang='lat' dir='ltr'>rursus</span> 
     </span>
     <span class='ocr_line' id='line_1_22' title="bbox 398 3069 1329 3147; baseline -0.003 -15"><span class='ocrx_word' id='word_1_131' title='bbox 398 3074 474 3141; x_wconf 87' lang='lat' dir='ltr'>dies,</span> <span class='ocrx_word' id='word_1_132' title='bbox 507 3088 599 3147; x_wconf 92' lang='lat' dir='ltr'>quem</span> <span class='ocrx_word' id='word_1_133' title='bbox 621 3088 679 3145; x_wconf 84' lang='lat' dir='ltr'>ege</span> <span class='ocrx_word' id='word_1_134' title='bbox 704 3087 766 3129; x_wconf 93' lang='lat' dir='ltr'>ncn</span> <span class='ocrx_word' id='word_1_135' title='bbox 791 3070 896 3129; x_wconf 91' lang='lat' dir='ltr'>minus</span> <span class='ocrx_word' id='word_1_136' title='bbox 927 3070 1017 3128; x_wconf 88' lang='lat' dir='ltr'>nobis</span> <span class='ocrx_word' id='word_1_137' title='bbox 1043 3069 1202 3129; x_wconf 85' lang='lat' dir='ltr'>nefastum</span> <span class='ocrx_word' id='word_1_138' title='bbox 1228 3073 1259 3129; x_wconf 90' lang='lat' dir='ltr'>et</span> <span class='ocrx_word' id='word_1_139' title='bbox 1280 3087 1329 3130; x_wconf 81' lang='lat' dir='ltr'>ax·</span> 
     </span>
     <span class='ocr_line' id='line_1_23' title="bbox 399 3164 1332 3241; baseline -0.001 -14"><span class='ocrx_word' id='word_1_140' title='bbox 399 3168 587 3227; x_wconf 83' lang='lat' dir='ltr'>sacrandum</span> <span class='ocrx_word' id='word_1_141' title='bbox 608 3169 684 3241; x_wconf 92' lang='lat' dir='ltr'>putc</span> <span class='ocrx_word' id='word_1_142' title='bbox 706 3183 800 3240; x_wconf 91' lang='lat' dir='ltr'>quam</span> <span class='ocrx_word' id='word_1_143' title='bbox 822 3164 896 3223; x_wconf 90' lang='lat' dir='ltr'>clim</span> <span class='ocrx_word' id='word_1_144' title='bbox 928 3164 1058 3223; x_wconf 84' lang='lat' dir='ltr'>Romani</span> <span class='ocrx_word' id='word_1_145' title='bbox 1079 3166 1174 3233; x_wconf 92' lang='lat' dir='ltr'>illum,</span> <span class='ocrx_word' id='word_1_146' title='bbox 1207 3182 1267 3239; x_wconf 89' lang='lat' dir='ltr'>quc</span> <span class='ocrx_word' id='word_1_147' title='bbox 1299 3168 1332 3226; x_wconf 90' lang='lat' dir='ltr'>in</span> 
     </span>
     <span class='ocr_line' id='line_1_24' title="bbox 399 3259 1332 3337; baseline -0.003 -14"><span class='ocrx_word' id='word_1_148' title='bbox 399 3262 557 3323; x_wconf 85' lang='lat' dir='ltr'>Cannensi</span> <span class='ocrx_word' id='word_1_149' title='bbox 576 3279 685 3337; x_wconf 87' lang='lat' dir='ltr'>pugna</span> <span class='ocrx_word' id='word_1_150' title='bbox 704 3263 750 3320; x_wconf 87' lang='lat' dir='ltr'>tot</span> <span class='ocrx_word' id='word_1_151' title='bbox 769 3260 978 3320; x_wconf 87' lang='lat' dir='ltr'>Romanorum</span> <span class='ocrx_word' id='word_1_152' title='bbox 999 3260 1084 3317; x_wconf 86' lang='lat' dir='ltr'>milia</span> <span class='ocrx_word' id='word_1_153' title='bbox 1105 3261 1143 3318; x_wconf 89' lang='lat' dir='ltr'>ab</span> <span class='ocrx_word' id='word_1_154' title='bbox 1157 3259 1332 3320; x_wconf 86' lang='lat' dir='ltr'>Hannibale</span> 
     </span>
     <span class='ocr_line' id='line_1_25' title="bbox 399 3358 655 3417; baseline -0.012 0"><span class='ocrx_word' id='word_1_155' title='bbox 399 3363 474 3417; x_wconf 92' lang='lat' dir='ltr'>sunt</span> <span class='ocrx_word' id='word_1_156' title='bbox 494 3358 655 3417; x_wconf 87' lang='lat' dir='ltr'>trucidata.</span> 
     </span>
    </p>

    <p class='ocr_par' dir='ltr' id='par_1_11' title="bbox 360 3449 1333 3620">
     <span class='ocr_line' id='line_1_26' title="bbox 360 3449 1333 3524; baseline -0.002 -12"><span class='ocrx_word' id='word_1_157' title='bbox 360 3470 386 3512; x_wconf 81' lang='lat'>25</span> <span class='ocrx_word' id='word_1_158' title='bbox 477 3453 687 3513; x_wconf 89' lang='lat' dir='ltr'>Damianus.</span> <span class='ocrx_word' id='word_1_159' title='bbox 730 3450 808 3522; x_wconf 86' lang='lat' dir='ltr'>Quid</span> <span class='ocrx_word' id='word_1_160' title='bbox 828 3451 891 3509; x_wconf 70' lang='lat' dir='ltr'>ita?</span> <span class='ocrx_word' id='word_1_161' title='bbox 932 3450 1014 3509; x_wconf 93' lang='lat' dir='ltr'>Num</span> <span class='ocrx_word' id='word_1_162' title='bbox 1035 3449 1109 3508; x_wconf 91' lang='lat' dir='ltr'>mali</span> <span class='ocrx_word' id='word_1_163' title='bbox 1129 3450 1247 3524; x_wconf 89' lang='lat' dir='ltr'>aliquid</span> <span class='ocrx_word' id='word_1_164' title='bbox 1260 3451 1333 3510; x_wconf 90' lang='lat' dir='ltr'>huic</span> 
     </span>
     <span class='ocr_line' id='line_1_27' title="bbox 400 3547 932 3620; baseline -0.009 -12"><span class='ocrx_word' id='word_1_165' title='bbox 400 3549 525 3608; x_wconf 86' lang='lat' dir='ltr'>scholae</span> <span class='ocrx_word' id='word_1_166' title='bbox 546 3565 585 3607; x_wconf 80' lang='lat' dir='ltr'>ex</span> <span class='ocrx_word' id='word_1_167' title='bbox 605 3548 662 3607; x_wconf 90' lang='lat' dir='ltr'>hoc</span> <span class='ocrx_word' id='word_1_168' title='bbox 684 3547 733 3605; x_wconf 88' lang='lat' dir='ltr'>die</span> <span class='ocrx_word' id='word_1_169' title='bbox 753 3547 932 3620; x_wconf 72' lang='lat' dir='ltr'>impendet?</span> 
     </span>
    </p>

    <p class='ocr_par' dir='ltr' id='par_1_12' title="bbox 379 3640 1333 3801">
     <span class='ocr_line' id='line_1_28' title="bbox 379 3640 1333 3716; baseline -0.007 -12"><span class='ocrx_word' id='word_1_170' title='bbox 379 3666 383 3673; x_wconf 89' lang='lat'>·</span> <span class='ocrx_word' id='word_1_171' title='bbox 476 3643 654 3703; x_wconf 81' lang='lat' dir='ltr'>Iulianus</span> <span class='ocrx_word' id='word_1_172' title='bbox 696 3642 735 3700; x_wconf 83' lang='lat' dir='ltr'>Et</span> <span class='ocrx_word' id='word_1_173' title='bbox 756 3647 789 3700; x_wconf 88' lang='lat' dir='ltr'>tu</span> <span class='ocrx_word' id='word_1_174' title='bbox 811 3642 925 3709; x_wconf 88' lang='lat' dir='ltr'>nescis,</span> <span class='ocrx_word' id='word_1_175' title='bbox 953 3640 1140 3716; x_wconf 90' lang='lat' dir='ltr'>praesertim</span> <span class='ocrx_word' id='word_1_176' title='bbox 1165 3641 1211 3698; x_wconf 88' lang='lat' dir='ltr'>tet</span> <span class='ocrx_word' id='word_1_177' title='bbox 1233 3655 1333 3698; x_wconf 90' lang='lat' dir='ltr'>annes</span> 
     </span>
     <span class='ocr_line' id='line_1_29' title="bbox 399 3735 719 3801; baseline -0.016 0"><span class='ocrx_word' id='word_1_178' title='bbox 399 3743 432 3801; x_wconf 90' lang='lat' dir='ltr'>in</span> <span class='ocrx_word' id='word_1_179' title='bbox 454 3743 534 3801; x_wconf 88' lang='lat' dir='ltr'>ludis</span> <span class='ocrx_word' id='word_1_180' title='bbox 555 3735 719 3799; x_wconf 69' lang='lat' dir='ltr'>versatus?</span> 
     </span>
    </p>

    <p class='ocr_par' dir='ltr' id='par_1_13' title="bbox 479 3820 1335 3907">
     <span class='ocr_line' id='line_1_30' title="bbox 479 3820 1335 3907; baseline -0.009 -12"><span class='ocrx_word' id='word_1_181' title='bbox 479 3836 691 3895; x_wconf 80' lang='lat' dir='ltr'>Damianus</span> <span class='ocrx_word' id='word_1_182' title='bbox 733 3820 789 3905; x_wconf 78' lang='lat' dir='ltr'>&#39;Qui</span> <span class='ocrx_word' id='word_1_183' title='bbox 815 3832 895 3890; x_wconf 88' lang='lat' dir='ltr'>scire</span> <span class='ocrx_word' id='word_1_184' title='bbox 927 3848 1057 3907; x_wconf 87' lang='lat' dir='ltr'>possum</span> <span class='ocrx_word' id='word_1_185' title='bbox 1083 3829 1208 3887; x_wconf 88' lang='lat' dir='ltr'>scholae</span> <span class='ocrx_word' id='word_1_186' title='bbox 1239 3828 1335 3887; x_wconf 91' lang='lat' dir='ltr'>huius</span> 
     </span>
    </p>

    <p class='ocr_par' dir='ltr' id='par_1_14' title="bbox 349 3921 1295 4007">
     <span class='ocr_line' id='line_1_31' title="bbox 349 3921 1295 4007; baseline -0.012 -19"><span class='ocrx_word' id='word_1_187' title='bbox 349 3932 658 3992; x_wconf 71' lang='lat' dir='ltr'>monsuetudinem</span> <span class='ocrx_word' id='word_1_188' title='bbox 680 3945 784 4007; x_wconf 90' lang='lat' dir='ltr'>nuper</span> <span class='ocrx_word' id='word_1_189' title='bbox 806 3928 976 3988; x_wconf 74' lang='lat' dir='ltr'>admocum</span> <span class='ocrx_word' id='word_1_190' title='bbox 992 3926 1058 3983; x_wconf 83' lang='lat' dir='ltr'>buc</span> <span class='ocrx_word' id='word_1_191' title='bbox 1075 3921 1255 3998; x_wconf 64' lang='lat' dir='ltr'>persuasa</span> <span class='ocrx_word' id='word_1_192' title='bbox 1291 3963 1295 3970; x_wconf 91' lang='lat'><em>.</em></span> 
     </span>
    </p>
   </div>
   <div class='ocr_carea' id='block_1_7' title="bbox 0 0 1646 4617">
    <p class='ocr_par' dir='ltr' id='par_1_15' title="bbox 0 0 1646 4617">
     <span class='ocr_line' id='line_1_32' title="bbox 0 0 1646 4617; baseline 0 0"><span class='ocrx_word' id='word_1_193' title='bbox 0 0 1646 4617; x_wconf 95' lang='lat' dir='ltr'> </span> 
     </span>
    </p>
   </div>
  </div>
 </body>
</html>
