3234 4617
332 496 371 554 54
720 490 924 535 nosamauvs.

352 691 413 746 [aa]
436 675 623 735 conflictans
653 674 773 750 profec-
801 680 804 749 l
830 677 882 734 tus
918 674 965 756 tui
995 674 1185 749 periculum·
1207 674 1322 735 facias.

385 771 579 846 Quamquam
617 769 711 829 simul
744 772 776 829 et
809 770 1003 829 inambulare
1043 772 1075 829 et
1112 769 1249 830 fabulari
1291 773 1325 830 et

385 868 546 943 disputare
581 864 662 933 licet,
703 866 749 924 ita
778 866 814 923 ut
849 865 970 924 nullum
1010 865 1053 923 sit
1091 867 1218 941 tempus
1253 867 1322 925 tam

384 964 580 1036 occupatum,
602 978 640 1019 cx
661 977 722 1034 quo
747 977 810 1019 non
836 960 971 1034 aliquem
990 960 1129 1019 fructum
1150 961 1322 1037 decerpere

357 1058 480 1131 squcat
514 1072 588 1115 vere
624 1056 794 1114 studiosus.
848 1054 980 1114 Mirifice
1014 1057 1121 1115 eutem
1153 1055 1320 1131 profuerit,

385 1154 537 1226 quantum
566 1152 649 1220 licet,
679 1151 875 1226 praeceptori
906 1151 995 1209 docto
1027 1167 1153 1226 semper
1176 1151 1320 1222 haerere,

383 1264 455 1306 eum
486 1263 619 1321 semper,
641 1262 764 1321 quoquo
794 1247 875 1314 ierit,
908 1246 1057 1314 comitari,
1085 1262 1210 1322 semper
1235 1247 1322 1305 domi

383 1343 434 1401 vel
455 1359 563 1401 secum
583 1341 634 1400 vel
654 1342 738 1416 apud
758 1341 876 1400 amicos
898 1341 936 1399 de
956 1341 1052 1400 variis
1073 1342 1168 1400 rebus
1188 1341 1320 1415 loquen-

383 1440 448 1496 tem
478 1437 595 1505 audire,
636 1436 669 1495 in
700 1450 836 1495 summe:
877 1437 1080 1512 praeceptore
1113 1453 1177 1494 non
1211 1437 1320 1496 minus

347 1546 372 1589 ιο
384 1532 580 1591 familiariter
599 1549 693 1606 quam
713 1533 895 1590 reverenter
914 1532 974 1602 uti;
1003 1530 1201 1590 familiaritas
1228 1548 1320 1608 prae·

385 1628 489 1697 stabit,
510 1645 551 1686 ne
572 1628 646 1701 quid
667 1629 698 1685 te
717 1627 805 1695 celet,
827 1627 1013 1695 reverentia,
1034 1643 1075 1685 ne
1095 1643 1129 1685 se
1150 1628 1279 1703 neglegi
1301 1646 1322 1687 a

385 1724 416 1781 tc
447 1740 504 1782 seu
533 1723 657 1797 ingrato
690 1723 857 1797 suspicans
888 1722 1006 1795 aliquid
1036 1722 1074 1781 de
1105 1739 1163 1781 suo
1189 1739 1266 1797 erga
1287 1725 1320 1783 te

384 1817 502 1878 affectu
522 1819 695 1876 imminuat.

488 1948 612 2023 Lipsiae
633 1949 665 2006 in
686 1948 817 2007 aedibus
838 1947 996 2007 Valentini
1018 1945 1199 2006 Schumann

487 2060 597 2102 mense
618 2042 794 2119 Septembri
816 2060 898 2101 anno
920 2043 1036 2101 domini
1057 2041 1196 2102 MDXXl.

586 3916 664 3959 Druck
678 3927 724 3959 von
739 3916 766 3959 (i.
781 3915 935 3959 Bernsleln
950 3915 974 3956 in
989 3913 1071 3957 Berlin.
