3234 4617
659 527 809 572 omcoovs
823 529 858 578 v1.
872 528 917 573 vn.
1242 534 1278 591 13

344 711 467 785 patrare
486 711 583 786 potui,
604 713 640 770 ut
660 727 716 785 pro
736 710 852 770 locario
873 713 991 771 statuto
1005 712 1081 771 mihi
1095 713 1231 789 angulus
1246 714 1278 772 in

344 806 415 864 ludo
445 805 615 878 locaretur3
638 807 756 865 victum
786 822 870 875 vero,
902 808 1025 881 quando
1052 809 1204 883 pecuniae
1229 810 1279 867 est

343 917 463 976 parum,
479 900 615 960 ostiatim
629 902 819 961 emendicari
830 902 993 977 oportebit,
1004 903 1066 961 nisi
1076 902 1156 963 forte
1170 903 1279 962 melior

343 996 418 1054 1111111
437 994 563 1055 fortuna
583 996 714 1071 posthac
735 997 904 1055 obvenerit.
944 996 991 1056 'Pu
1012 999 1118 1057 autem
1137 997 1212 1057 felix
1233 1014 1276 1064 es,

316 1091 385 1150 omi
404 1090 544 1166 losephe‚
567 1092 617 1150 cui
637 1094 784 1166 parentes
805 1093 929 1151 tantum
950 1094 1110 1167 sumptum
1131 1093 1276 1169 suppedi-

343 1187 410 1245 tare
424 1185 595 1255 sufficiunt,
617 1188 770 1260 quantum
784 1187 824 1246 ed
838 1187 1012 1246 studiorum
1027 1188 1277 1247 commoditatem

343 1283 391 1340 est
411 1282 499 1340 satis.

419 1375 611 1451 Iosephus.
661 1376 724 1444 Est,
756 1377 814 1436 diis
840 1379 951 1453 gratia,
982 1378 1066 1437 unde
1091 1378 1169 1437 haee
1194 1395 1275 1437 com-

305 1486 369 1539 13111
393 1473 484 1531 moda
498 1472 573 1531 mihi
587 1489 703 1548 parem,
736 1472 740 1549 Ι
778 1474 834 1532 sed
855 1490 915 1549 quo
936 1474 1028 1550 plura
1047 1474 1123 1532 mihi
1143 1475 1217 1532 sunt
1237 1474 1277 1532 ad

303 1580 329 1621 ro
341 1566 523 1641 disciplinas
537 1568 694 1642 parandas
705 1569 875 1637 commoda,
887 1586 923 1627 eo
934 1570 1002 1643 ipso
1014 1568 1150 1643 graviori
1161 1569 1275 1643 dignus

341 1679 446 1721 essem
477 1664 558 1731 odio,
591 1664 618 1721 si
650 1680 712 1722 non
739 1664 810 1738 plus
836 1680 929 1738 quam
954 1665 1094 1722 vestrum
1120 1664 1275 1737 quispiam

288 1833 290 1837 Ι
340 1757 485 1816 didicero.
526 1758 673 1817 Attamen
699 1775 757 1817 nec
781 1775 838 1818 vos
864 1759 901 1817 de
926 1759 1074 1817 mediocri
1101 1759 1275 1816 studiorum

339 1853 516 1911 vestrorum
544 1853 687 1927 profectu
707 1854 875 1929 desperare
896 1855 994 1922 decet,
1025 1853 1273 1928 quandoquidem

340 1949 463 2006 constat
497 1948 612 2007 multos
642 1949 751 2008 humili
782 1950 873 2007 natos
903 1949 970 2007 loco
1002 1950 1041 2008 ad
1071 1949 1149 2007 haec
1181 1948 1293 2009 nullis.

302 2057 326 2098 15
340 2045 465 2102 omnino
486 2043 631 2102 fortunae
653 2044 777 2101 dotibus
798 2044 921 2102 adiutos
937 2044 977 2101 ad
991 2043 1173 2102 eruditionis
1187 2041 1273 2100 fasti-

338 2138 425 2213 gium
449 2140 640 2198 ascendisse.
680 2139 729 2197 An
750 2155 813 2197 non
834 2138 1031 2198 Democritus
1051 2139 1103 2196 ille
1124 2138 1274 2213 physicus

339 2248 377 2291 ex
401 2234 504 2292 baiulo
529 2232 632 2292 iectus
658 2236 707 2292 est
738 2230 962 2309 philosophus?
1003 2233 1072 2291 Non
1097 2230 1272 2301 Cleanthea,

339 2328 427 2386 cuius
447 2330 482 2386 tu
502 2344 616 2387 nomen
638 2328 745 2396 refers,
768 2329 857 2403 aquis
878 2330 973 2387 noctu
993 2328 1173 2387 hauriendis
1192 2328 1272 2386 diur-

337 2438 413 2482 num
438 2422 556 2481 victum
581 2423 640 2482 sibi
667 2420 840 2498 quaesivit?
880 2423 919 2482 Et
945 2440 1038 2497 quem
1059 2423 1198 2482 Stoicum
1223 2422 1273 2481 hic

298 2529 399 2575 aenon
425 2515 590 2592 aequavit?
621 2517 682 2577 Sed
708 2521 739 2577 et
758 2518 888 2577 Plautus
913 2519 996 2577 inter
1015 2519 1102 2593 ipsos
1122 2518 1273 2592 pistrinae

335 2612 485 2671 molestos
510 2613 633 2672 labores
658 2614 891 2673 laudatissimas
912 2614 981 2672 illas
1004 2613 1179 2673 comoedias
1201 2630 1270 2672 con·

336 2707 472 2780 scripsit.

414 2802 627 2862 Cleanthes.
686 2804 742 2862 His
771 2806 803 2863 et
834 2805 985 2863 eiusmodi
1011 2805 1080 2863 aliis
1120 2806 1270 2879 exemplis

335 2897 492 2956 animatus
509 2898 542 2956 in
558 2898 670 2956 studiis
685 2915 867 2972 persevero:
883 2899 996 2974 alioqui
1010 2916 1060 2957 me
1074 2899 1136 2958 iem
1150 2900 1270 2974 pridem

295 3002 323 3045 25
336 2992 375 3050 ad
385 2994 581 3051 manuarium
592 2994 717 3067 aliquod
728 2994 894 3053 artificium
901 2995 1143 3067 transtulissem.
1159 2993 1269 3065 Quam-

335 3103 428 3160 quam
442 3089 516 3146 sunt
529 3089 590 3146 mei
605 3089 721 3147 ordinis
735 3090 875 3164 plerique
896 3089 1113 3149 adulescentes
1135 3091 1167 3147 in
1188 3090 1268 3148 ludis

228 3182 231 3185 ’
333 3181 434 3256 magis
465 3184 684 3257 putrescentes
717 3201 810 3258 quam
841 3185 1006 3243 studentes
1041 3185 1118 3243 adeo
1152 3185 1269 3244 infelici

332 3276 468 3350 ingenie,
494 3279 529 3335 ut
550 3278 590 3336 ad
610 3278 712 3337 nullas
733 3279 854 3338 litteras
876 3280 941 3338 sint
961 3280 1109 3354 appositi;
1140 3280 1172 3338 hi
1193 3280 1268 3338 mihi

332 3370 410 3429 nulli
439 3372 491 3430 alii
521 3372 595 3430 usui
624 3389 696 3431 esse
717 3374 864 3432 videntur
893 3375 925 3431 111
954 3374 1143 3438 civitatibus.
1175 3392 1267 3449 quam

291 3476 320 3519 ao
333 3466 416 3538 quod
436 3466 513 3523 alios
535 3467 703 3535 mendicos,
726 3468 799 3525 dum
818 3469 863 3527 eis
878 3485 991 3543 panem
1005 3470 1207 3544 praeripiunt,
1230 3487 1268 3529 ex

333 3554 462 3617 urbibus
483 3559 617 3633 pellunt:
638 3563 677 3620 iis
692 3579 750 3637 ego
766 3565 970 3631 consulerem,
992 3567 1027 3622 ut
1041 3582 1076 3623 se
1090 3566 1130 3624 ad
1144 3566 1268 3640 aliquod

331 3654 416 3713 aliud
437 3657 576 3714 studium
598 3658 800 3732 applicarent.

407 3749 598 3825 Iosephus
640 3751 739 3812 Probe
760 3754 846 3823 (11313,
874 3756 916 3813 mi
939 3755 1123 3828 Cleanthes3
1145 3774 1218 3816 nam
1239 3760 1266 3817 si

331 3861 440 3903 omnes
465 3846 617 3905 eiusmodi
632 3850 740 3906 essent
754 3849 880 3923 ingenio
894 3851 1028 3925 praediti
1049 3852 1132 3926 quali
1153 3855 1194 3920 tu,
1221 3853 1264 3912 to·

290 3951 317 3993 as
330 3940 449 3998 vendos
469 3942 569 4000 modis
591 3943 735 4002 omnibus
756 3947 909 4018 putarem.
950 3943 1051 4015 Certe,
1074 3948 1156 4020 quod
1176 3949 1215 4006 ad
1235 3951 1265 4008 te
