3234 4617
662 1118 874 1205 ERSTEP
900 1119 1149 1199 ΑΝΗᾹΝΟ.

619 1276 757 1335 lusutze
776 1275 832 1335 uer
850 1276 1000 1354 Aasgate
1018 1294 1080 1337 von
1104 1276 1186 1337 1520.

391 1405 436 1459 De
458 1405 617 1475 relegenda
637 1405 843 1475 praelectione,
863 1405 899 1460 de
922 1405 1077 1460 ediscendo
1103 1405 1198 1476 deque
1220 1406 1370 1461 enotandis

615 1508 651 1546 ex
671 1491 839 1545 auctoribus
858 1491 997 1562 loquendi
1014 1491 1157 1547 formulis:

413 1628 427 1669 5
757 1611 990 1677 DIALOGVS
1014 1612 1056 1677 X.

440 1732 624 1787 Phaedrus
643 1739 674 1787 et
692 1739 790 1787 aetate
803 1740 834 1787 et
848 1733 1012 1787 eruditione
1030 1735 1121 1788 maior
1135 1732 1303 1787 cumfratre
1322 1749 1370 1786 suo

420 1823 424 1830 “
762 1820 893 1873 Ioanne
912 1820 1048 1890 loquitur.

520 1942 719 2001 Phaedrus,
761 1941 839 2013 Quid
860 1946 894 2000 tu
916 1942 1034 2000 otiosus
1055 1942 1107 2000 hic
1126 1942 1251 2000 desides
1266 1944 1299 2000 et
1312 1957 1370 1999 non

441 2039 545 2112 potius
566 2037 810 2113 praelectionem
830 2037 921 2095 modo
943 2037 1082 2095 auditam
1103 2032 1237 2111 relegis?

403 2148 428 2190 10
519 2133 690 2191 loannes
735 2130 844 2205 Relegi
866 2132 959 2204 atque
981 2132 1057 2189 adeo
1080 2130 1127 2188 bis
1149 2133 1247 2188 terve.

447 2227 450 2232 ’
517 2226 717 2285 Phaedrus
760 2225 799 2283 At
820 2225 956 2283 fortasse
977 2242 1039 2283 non
1061 2227 1138 2284 satis
1161 2227 1317 2284 accurate.

517 2320 686 2380 Ioannes.
723 2320 977 2387 Accuratissime
1009 2322 1043 2378 ut
1069 2321 1166 2379 totam
1191 2321 1287 2379 etiam
1311 2336 1370 2378 me-

439 2416 537 2474 moria
558 2415 754 2490 complectar.

517 2509 720 2568 Phaedrus,
762 2510 810 2568 An
832 2513 885 2568 tuo
908 2514 938 2568 te
960 2509 1064 2568 officio
1080 2510 1158 2568 satis
1172 2508 1371 2585 perfunctum

403 2620 427 2662 15
441 2606 551 2672 credis,
582 2606 610 2662 si
630 2606 780 2663 memoria
804 2608 927 2665 tantum
949 2608 1059 2664 teneas
1085 2607 1117 2663 et
1141 2605 1268 2679 psittaci
1288 2620 1372 2663 more

440 2702 538 2759 verba
558 2717 620 2758 non
641 2700 800 2759 intellecta
821 2702 1016 2776 praeceptori
1037 2696 1169 2758 reddas?

516 2795 689 2853 loannes.
736 2794 815 2866 Quin
838 2796 985 2870 intellego
1008 2795 1119 2853 omnia.

518 2890 720 2949 Phaedrus
762 2890 831 2959 Hui,
858 2887 980 2948 omnia‘l
1021 2889 1098 2948 Vide
1120 2889 1193 2963 quid
1215 2890 1311 2948 dicas.

409 2999 471 3052 [aab]
517 2986 685 3045 loannes.
743 2985 862 3053 Omnia,
898 2985 1034 3059 inquam,
1054 2982 1057 3058 l
1076 2986 1112 3043 ut
1151 2986 1285 3044 maxime
1319 2986 1373 3045 tibi

318 3135 320 3140 ,
400 3091 427 3133 20
440 3077 585 3136 videatur
618 3078 813 3149 incredibile3
846 3082 939 3152 atque
970 3080 1002 3137 id
1031 3083 1067 3138 ut
1098 3081 1208 3139 credas
1238 3080 1372 3147 facilius,

440 3171 572 3231 liberum
602 3174 656 3232 tibi
688 3176 737 3232 est
768 3173 903 3248 singula,
937 3191 1017 3248 quae
1049 3176 1088 3233 ad
1123 3175 1214 3234 modo
1236 3177 1373 3235 auditam

439 3268 682 3342 praelectionem
704 3270 849 3337 attinent,
873 3286 911 3327 ex
931 3286 982 3327 me
1003 3270 1192 3345 perquirere.

518 3362 720 3421 Phaedrus
775 3363 908 3440 Singula
941 3366 1089 3439 persequi
1127 3366 1160 3422 in
1194 3366 1375 3440 praesentia

440 3473 502 3531 non
535 3460 584 3515 est
615 3458 725 3529 otium3
756 3459 816 3517 hoc
847 3461 971 3517 tantum
1002 3474 1130 3534 quaero:
1161 3460 1306 3534 primum,
1334 3478 1374 3521 an

400 3566 426 3608 25
440 3554 538 3611 totam
560 3554 695 3611 auctoris
716 3554 907 3612 sententiam
929 3571 967 3612 ex
987 3555 1201 3630 praeceptoris
1221 3555 1374 3631 interpre-

439 3649 558 3707 tatione
579 3650 622 3707 sis
644 3651 809 3707 assecutus
835 3652 866 3707 et
888 3666 949 3723 qua
970 3650 1106 3724 quidque
1131 3649 1252 3709 ratione
1273 3667 1375 3724 quove

440 3744 568 3803 consilio
603 3745 643 3802 sit
669 3745 794 3812 dictum,
820 3745 1001 3819 intellegas3
1039 3745 1159 3812 deinde,
1190 3745 1375 3819 singulaene

440 3840 597 3897 clausulas
637 3838 831 3914 expenderis,
867 3839 1013 3899 videlicet
1047 3840 1073 3898 si
1108 3857 1202 3914 quam
1238 3839 1377 3899 habeant
