3234 4617
523 1100 771 1189 lusura
796 1099 1046 1180 eburno.
1098 1085 1219 1217 ,ἷ,.,

290 1256 617 1328 Praeceptiuncula
644 1255 685 1311 de
703 1262 863 1326 tempore
882 1256 1014 1311 studiis
1031 1229 1276 1333 impar-timido

291 1364 308 1400 a
346 1345 454 1399 Petro
492 1343 689 1399 Mosellano
729 1342 1017 1398 adulescentulis
1057 1333 1306 1426 disciplinae,

549 1445 632 1483 suae
651 1430 852 1484 commissis
870 1428 1014 1483 tradita.
1295 1441 1298 1446 '

315 1554 586 1628 schristophorus
617 1569 637 1612 a
667 1550 835 1620 Carlcbicz,
868 1552 950 1611 Petri
984 1552 1148 1613 Mosellani
1183 1532 1275 1613 disci-⁸

565 1646 668 1721 pulus
690 1647 799 1706 lectori
821 1647 963 1706 salutem.
1363 1651 1368 1658 “

418 1778 520 1837 Nimio
556 1793 657 1852 paene
694 1777 797 1835 studio
830 1777 911 1845 olim,
943 1776 1041 1836 lector
1071 1779 1211 1849 candide,
1244 1782 1276 1838 et

341 1874 437 1933 animi
458 1873 568 1931 ardore
593 1872 686 1930 Petro
712 1872 895 1941 Mosellam,
927 1875 1123 1949 praeceptori
1156 1876 1273 1943 nostro,

341 1969 433 2027 iustis
464 1968 629 2026 decausis
659 1967 837 2025 mortalium
858 1968 996 2026 omniurn
1021 1969 1191 2038 carissimo,
1223 1986 1274 2028 ex-

303 2063 491 2121 retorsimus
526 2062 732 2137 condiscipuli
765 2063 827 2121 mei
862 2065 893 2121 et
927 2079 985 2137 ago
1025 2064 1153 2123 brevem
1192 2065 1274 2123 hanc

341 2158 467 2229 quidem
481 2158 513 2215 in
528 2158 642 2233 specie,
664 2158 722 2215 sed
740 2160 854 2225 tamen,
871 2158 964 2216 sicuti
977 2159 1046 2233 ipse
1057 2160 1167 2234 legens
1181 2159 1274 2219 facila

342 2254 513 2327 experiere,
534 2254 691 2329 permulta
704 2255 736 2313 in
751 2272 786 2313 se
801 2255 1060 2330 complectentem
1081 2256 1119 2313 de
1134 2256 1274 2329 tempore

341 2349 462 2407 ratione
484 2350 570 2408 certa
590 2350 777 2425 optimarum
798 2366 903 2408 rarum
925 2350 1038 2408 studiis
1059 2349 1283 2408 distribuendo

341 2445 601 2518 praeceptionem.
643 2444 719 2504 Earn
740 2462 812 2503 cum
826 2445 910 2521 apud
923 2461 974 2502 me
989 2445 1174 2519 complures,
1196 2461 1274 2518 quos

303 2552 327 2594 15
343 2539 504 2599 academia
524 2540 603 2599 haec
622 2538 754 2598 illustris
776 2540 839 2608 alit,
867 2540 1000 2598 studiosi
1025 2540 1273 2616 conspexissent,

340 2634 372 2692 in
394 2635 460 2693 dies
481 2634 548 2693 iera
570 2636 637 2693 eius
668 2635 714 2693 rai
745 2636 968 2695 describendae
1003 2637 1164 2710 negotium
1197 2635 1274 2694 mihi

340 2730 538 2789 exhibebant.
578 2730 643 2806 Ego
673 2748 747 2790 vero
778 2732 814 2789 ut
833 2731 932 2789 semel
958 2731 1017 2789 hac
1039 2731 1274 2790 sollicitantium

340 2825 486 2884 molestia
507 2825 670 2901 defungar,
692 2826 775 2901 quod
795 2826 942 2901 privatim
963 2826 1038 2884 mihi
1054 2828 1085 2884 et
1099 2825 1274 2884 studiorum

340 2937 481 2979 meorum
502 2922 686 2996 aequalibus
707 2923 786 2979 meis
812 2921 1041 2997 praescriptum
1066 2921 1178 2988 iuerat,
1210 2937 1273 2978 om-

310 3028 371 3080 rara]
393 3015 486 3073 nibus
497 3016 529 3073 in
540 3017 664 3074 univer·
683 3015 687 3090 l
705 3034 776 3075 sum
787 3017 936 3074 studiosis
948 3016 1101 3091 impartiri
1117 3014 1272 3074 const'tui.

340 3107 477 3167 Tametsi
500 3110 577 3167 satis
608 3110 673 3168 scio
694 3128 825 3185 parvam
850 3127 901 3169 me
931 3112 1065 3185 gratiam
1089 3111 1169 3169 inire
1190 3110 1274 3184 apud

341 3205 585 3279 praeceptorem,
607 3205 660 3279 qui
680 3206 738 3263 has
760 3206 853 3264 sicuti
874 3209 1006 3281 apparet
1019 3207 1155 3281 pueriles
1170 3222 1272 3281 nugas

341 3314 404 3355 uon
425 3299 457 3356 in
478 3298 538 3357 hoc
559 3300 695 3374 scripsit,
717 3301 753 3359 ut
773 3301 950 3370 ederentur,
972 3303 1029 3361 sed
1049 3303 1085 3360 ut
1105 3301 1194 3360 nobis
1215 3317 1272 3374 pro

342 3409 398 3451 suo
421 3392 526 3452 officio
558 3395 640 3453 domi
672 3396 858 3454 consuleret.
900 3396 1000 3455 Tuum
1032 3414 1105 3473 ergo
1127 3396 1195 3463 crit,
1226 3395 1271 3453 iu-

302 3502 330 3543 25
346 3490 446 3557 venis,
469 3478 615 3563 quicquid
635 3490 695 3550 hoc
716 3492 774 3560 est,
796 3491 961 3550 dummodo
982 3491 1066 3565 frugi
1092 3494 1123 3549 et
1142 3489 1273 3549 alicuius

339 3585 433 3658 pretii
453 3585 512 3652 est,
533 3585 607 3643 boui
638 3587 793 3661 aequique
815 3587 979 3646 consulere
1005 3589 1036 3645 at
1057 3589 1197 3645 nostram
1219 3585 1270 3643 ad·

338 3696 466 3738 versum
497 3681 528 3738 te
548 3680 743 3741 voluntatem
774 3682 807 3740 et
827 3682 965 3740 studium
991 3683 1090 3741 amica
1116 3680 1271 3755 amplecti.

339 3765 423 3833 Bene
450 3776 528 3835 vale.
583 3776 699 3836 Datum
733 3776 857 3852 Lipsiae
894 3776 999 3835 Idibus
1034 3776 1270 3852 Septembribus

339 3885 421 3927 anno
442 3871 608 3931 restitutae
629 3871 741 3930 salutis
762 3871 903 3931 MDXXI.

1084 3984 1116 4039 41
