3234 4617
322 482 357 539 12
602 476 805 527 MOSELLANVS,
818 474 1018 520 Pnssuouoola.

446 660 614 721 loannes.
674 659 722 719 Dc
755 659 852 719 fidem
892 676 942 718 me
982 658 1015 716 in
1046 658 1191 717 omnibus
1223 657 1303 731 quod

369 761 491 815 rectum
512 756 571 815 erit
591 756 735 831 quodque
755 758 790 813 tu
810 755 942 814 iusseris
962 753 1128 812 facturum.

332 865 393 918 [eea]
463 851 751 926 Ludimagister.
792 848 840 909 lta
872 865 964 924 spero
1007 848 1010 924 l
1053 848 1187 922 quidem.
1242 845 1304 905 Sed

369 962 449 1019 quae
469 946 524 1005 tibi
545 948 594 1005 est
614 942 735 1021 patria?
762 944 854 1004 Vtin
876 944 1080 1003 rationarium
1100 943 1159 1001 hec
1180 956 1304 1015 quoque

342 1038 552 1097 sadscribam.

325 1179 326 1182 η
441 1133 611 1192 Ioannes.
644 1133 749 1193 Patria
763 1133 840 1192 mihi
860 1135 910 1191 est
925 1133 1023 1201 Auba,
1044 1132 1193 1207 oppidum
1206 1130 1302 1192 Fren-

364 1228 430 1287 ciae
455 1229 615 1288 orientalis
642 1246 703 1288 non
729 1229 838 1304 procul
863 1230 901 1287 ab
923 1227 1091 1303 Herbipoli,
1118 1226 1233 1285 celebri
1254 1243 1302 1284 sa·

365 1324 525 1382 cerdotum
547 1324 630 1393 sede,
653 1325 757 1382 situm.

445 1417 730 1495 Ludimagister.
784 1419 841 1479 Sat
873 1421 981 1479 habeo.
1027 1417 1114 1489 Quod
1147 1419 1302 1491 superest,

330 1526 355 1568 ιο
369 1514 528 1572 curabitur
553 1514 609 1572 tibi
634 1531 690 1589 pro
716 1519 770 1573 tua
795 1516 880 1574 sorte
905 1514 1184 1586 commoditateque
1205 1512 1302 1570 domi·

367 1608 481 1666 cilium.
522 1609 566 1668 Ao
592 1612 628 1668 tu
647 1610 773 1684 quidem
792 1611 826 1668 in
847 1626 883 1670 eo
905 1610 951 1668 sie
970 1612 1003 1668 te
1023 1624 1107 1684 gere,
1137 1624 1177 1666 ne
1197 1607 1304 1681 aliqua

366 1704 490 1763 macula
509 1705 583 1763 hine
602 1706 636 1764 in
657 1709 796 1765 nostram
818 1705 957 1765 scholam
977 1704 1139 1763 redundet.

444 1798 612 1859 loannes
658 1799 744 1872 Quod
765 1802 805 1860 ad
825 1802 907 1860 hanc
928 1817 995 1859 rem
1016 1799 1137 1867 attinet,
1169 1815 1301 1857 securus

367 1896 444 1961 esto,
470 1893 586 1967 optime
609 1897 806 1968 praeceptor3
832 1910 913 1961 nam,
939 1895 975 1951 ut
994 1890 1180 1965 inquilinum
1202 1891 1300 1960 decet,

329 2001 353 2042 15
366 1988 596 2047 modestissime
626 2006 728 2065 agam.
780 1988 927 2063 Nunquid
961 1987 1045 2047 aliud
1073 1985 1148 2044 mihi
1178 1987 1228 2044 vis
1255 1986 1301 2048 in·

365 2080 515 2158 iungere?
1179 2100 1208 2109 ··

442 2176 731 2253 Ludimagister.
781 2178 873 2246 Nihil,
905 2195 978 2236 nam
1004 2178 1031 2235 si
1056 2177 1129 2251 quid
1154 2180 1302 2251 superest

365 2272 420 2330 tibi
440 2274 673 2347 praestandum,
689 2274 800 2333 cotidie
821 2274 904 2332 inter
917 2273 1162 2348 praelegendum
1177 2289 1197 2332 a
1210 2273 1300 2331 nobis

366 2368 492 2426 dicetur.

327 2736 353 2779 20
642 2720 870 2788 DIALOGVS
894 2720 966 2786 VII.

314 2861 360 2914 De
379 2860 522 2915 domicilio
540 2860 689 2916 commodo
707 2869 796 2931 atque
814 2861 995 2916 incommodo
1014 2860 1108 2929 deque
1125 2862 1300 2929 paupertate

547 2953 634 3019 atque
653 2949 801 3017 opulentia
820 2948 1064 3002 scholasticorum.

571 3070 752 3146 Iosephus
774 3081 810 3130 et
831 3070 1046 3130 Cleanthes.

442 3216 634 3291 Iosephus.
664 3217 742 3289 Quid
756 3219 868 3294 agitur,
883 3219 925 3278 mi
940 3214 1126 3277 Cleanthes?
1148 3215 1299 3291 Contigit-

325 3326 351 3368 25
365 3328 405 3370 ne
425 3313 481 3370 tibi
501 3314 663 3372 commoda
675 3313 837 3373 habitandi
851 3315 948 3373 ratio?
978 3314 1041 3372 Aut
1055 3314 1156 3372 adhuc
1169 3312 1300 3372 incertis

365 3408 491 3466 sedibus
513 3406 659 3467 oberras?
1218 3474 1221 3480 .

443 3501 655 3561 Cleanthes,
697 3503 835 3579 Contigit
855 3505 980 3579 quidem
1000 3502 1225 3571 habitaculum,¹
1242 3504 1300 3561 sed

364 3598 432 3655 eius
447 3598 649 3657 commoditas
662 3601 750 3658 tanta
763 3617 826 3658 non
841 3606 898 3668 est,
918 3601 1067 3674 quantem
1081 3597 1148 3657 fore
1162 3598 1298 3672 speravi,

363 3694 518 3767 siquidem
543 3710 617 3767 spes
643 3697 710 3753 erat
732 3694 807 3763 fore,
839 3697 874 3753 ut
895 3695 971 3753 civis
993 3693 1124 3751 alicuius
1145 3690 1299 3764 beneficio

323 3802 350 3844 eo
363 3805 427 3847 una
457 3805 528 3847 cum
559 3788 711 3847 domicilio
736 3791 768 3848 et
794 3791 912 3848 victum
937 3788 1195 3864 qualemcumque
1220 3803 1298 3846 nan·

364 3880 511 3955 ciscerer3
535 3900 646 3943 verum
670 3885 767 3943 multo
793 3885 883 3944 aliter
907 3886 1020 3943 evenit
1061 3883 1141 3943 Nam
1165 3883 1218 3941 vix
1241 3882 1298 3941 im-
