3234 4617
634 504 837 553 MOSELLANVS,
851 504 1050 548 PAEDOLOGIA.

671 686 898 753 DIALOGVS
921 687 1013 753 XIII.

627 834 757 893 Sixtus
779 837 817 893 61
836 833 1058 893 Alexander.

552 957 597 1011 De
616 958 727 1025 ingenii
745 958 927 1026 praestantia
945 955 1133 1009 contendunt.

478 1096 615 1155 Sixtus
647 1095 732 1154 Felix
751 1098 786 1154 111
807 1097 932 1170 quidem
953 1111 996 1163 66,
1018 1096 1060 1153 mi
1080 1095 1265 1165 Alexander,
1289 1098 1336 1155 oui

372 1194 560 1267 singenium
582 1194 646 1250 tam
670 1192 839 1250 fecundum
860 1194 985 1265 tamque
1006 1192 1171 1267 perspicax
1197 1191 1335 1268 contigit.

475 1287 695 1345 Alexander.
736 1286 792 1344 Est
806 1287 904 1354 11111116,
921 1285 1044 1346 Christo
1059 1286 1124 1346 Deo
1139 1287 1250 1363 gratia,
1273 1304 1335 1346 non

399 1383 525 1441 omnino
546 1382 661 1448 infelix,
684 1384 740 1440 sed
761 1384 866 1441 tamen
888 1400 950 1442 non
966 1384 1097 1451 tantum,
1121 1400 1215 1457 quam
1228 1382 1336 1442 forsan

399 1479 454 1536 tibi
479 1478 612 1536 videtur.
654 1476 702 1534 Fit
723 1480 814 1545 enim,
846 1478 953 1536 nescio
975 1495 1035 1552 quo
1057 1479 1155 1547 modo,
1181 1480 1216 1536 ut
1236 1481 1335 1538 nostri

399 1575 522 1631 nosmet
542 1573 709 1646 paeniteat,
732 1573 834 1631 aliena
854 1572 920 1631 fere
943 1574 1160 1649 suspiciamus.

361 1683 386 1724 ro
477 1668 614 1727 Sixtus
653 1667 691 1725 Et
710 1670 752 1735 tu,
776 1670 927 1742 quantum
949 1669 1049 1738 audio,
1071 1669 1187 1742 aliquid
1207 1669 1336 1744 insuper

399 1764 567 1823 desideras.

475 1859 698 1917 Alexander.
740 1855 872 1930 Quidni?
907 1858 1035 1931 Quando
1056 1859 1238 1918 memoriam
1259 1860 1334 1919 mihi

398 1955 497 2012 sentio
521 1956 644 2012 omnino
670 1954 788 2012 fluxam
817 1957 847 2013 61
871 1971 983 2029 parurn
1008 1958 1164 2026 tenacem;
1195 1971 1269 2013 nam
1300 1958 1335 2014 ut

397 2049 488 2110 facilc
509 2066 589 2123 quae
610 2050 776 2107 traduntur
790 2050 937 2123 percipio,
962 2042 1007 2107 ita
1030 2067 1093 2108 non
1118 2050 1185 2108 sine
1201 2051 1333 2110 maximo

359 2158 384 2199 15
397 2146 521 2219 negotio
543 2147 693 2219 percepta
712 2145 839 2203 retineo.

475 2238 612 2297 Sixtus.
665 2240 704 2297 At
737 2257 796 2313 ego
832 2239 1001 2297 difficulter
1027 2239 1189 2315 intellego,
1223 2258 1333 2300 verum

396 2334 493 2392 semel
507 2335 667 2393 intellecta
681 2335 856 2392 diutissimo
876 2351 1018 2406 reservo;
1040 2335 1080 2403 et,
1101 2336 1137 2393 ut
1156 2335 1256 2403 video,
1279 2337 1334 2394 tibi

396 2445 519 2486 cereum
551 2431 600 2487 est
629 2430 798 2505 ingenium,
835 2430 910 2487 mihi
940 2446 1014 2488 vero
1047 2446 1185 2489 saxeum.
1237 2430 1334 2490 Cerae

396 2524 519 2597 quidvis
544 2524 635 2583 166116
659 2526 867 2598 impresseris,
894 2528 925 2583 61
950 2526 1138 2599 impressum
1163 2527 1333 2601 vestigium

356 2632 383 2673 ro
396 2618 503 2676 statim
525 2620 700 2690 evanescit3
727 2637 802 2678 saxo
823 2620 949 2677 tametsi
971 2621 1044 2693 quid
1065 2637 1128 2678 non
1144 2620 1212 2679 sine
1226 2621 1332 2680 labore

396 2713 589 2787 insculpitur,
613 2714 711 2772 semel
730 2717 836 2772 tamen
857 2714 1048 2788 insculptum
1070 2714 1175 2772 multis
1188 2717 1331 2775 saeculis

395 2810 493 2867 durat.

472 2904 691 2962 Alexander.
733 2903 827 2962 Recte
848 2904 941 2979 plane
963 2904 1096 2973 confers
1125 2905 1181 2962 sed
1202 2904 1262 2963 hoc
1282 2922 1332 2979 Ι1116

395 2999 475 3057 male
496 3000 599 3066 habet,
626 3000 707 3073 quod
728 3000 836 3057 videas
857 3000 1023 3073 plerosque
1043 3000 1170 3075 ingenio
1191 3003 1330 3060 numeris

354 3096 537 3153 nomnibus
565 3094 745 3153 felicissimo
771 3095 938 3168 praeditos,
971 3097 1003 3152 at
1027 3096 1167 3153 vicissim
1192 3096 1330 3155 moribus

395 3190 470 3248 adeo
498 3191 650 3263 turpibus
676 3192 794 3248 utnon
816 3191 920 3264 inepte
942 3191 1054 3248 dixeris
1077 3207 1183 3248 eorum
1204 3192 1331 3267 ingenia

396 3284 476 3342 male
498 3285 648 3343 habitare.

473 3377 609 3436 Sixtus.
661 3377 758 3436 Credo
791 3379 954 3436 dicterium
984 3378 1043 3435 hoc
1073 3379 1164 3435 vetus
1196 3394 1269 3438 esse
1301 3383 1331 3439 61

394 3473 466 3530 olim
488 3474 525 3531 de
541 3472 645 3539 Galba,
668 3474 793 3531 homine
816 3474 854 3531 ad
875 3473 1050 3547 prodigium
1072 3489 1172 3546 usque
1190 3473 1330 3545 deformi,

353 3581 380 3624 30
393 3568 523 3639 dictum;
545 3569 590 3625 sio
611 3568 693 3626 enirn
714 3569 821 3626 audire
843 3568 1048 3625 commemini.

471 3663 688 3722 Alexander.
722 3662 830 3731 Probe,
854 3664 910 3721 sed
924 3680 982 3721 nec
996 3663 1073 3737 ipse,
1090 3665 1207 3737 opinor.
1222 3666 1330 3741 inepte

383 3759 454 3817 ¹huc
477 3759 600 3817 detorsi.
