3234 4617
688 478 837 523 Dialoovs
851 480 886 529 lV,
899 479 926 522 V.

340 676 400 730 ure]
661 659 889 727 DIALOGVS
912 660 952 727 V.

316 788 364 845 De
394 789 575 860 excipiendis
604 792 785 847 scholasticis
817 790 932 845 aliunde
954 790 1178 846 advenientibus
1206 789 1301 859 deque

320 874 447 937 Graecae
462 878 645 932 litteraturae
660 878 831 933 rudimentis
847 878 876 930 in
891 878 984 948 prima
996 882 1094 933 aetate
1108 875 1301 931 addiscendis.

611 982 760 1042 Marcus
781 985 818 1041 et
837 983 1006 1041 loannes.

343 1143 356 1185 ⁵
445 1130 599 1191 Marcus.
634 1130 740 1190 ·Vnde
770 1130 861 1189 nobis
898 1130 1038 1198 advenis,
1075 1130 1117 1187 mi
1147 1124 1300 1187 loannes?

368 1225 432 1284 Aut
461 1242 521 1300 quo
542 1226 645 1285 auimo
674 1226 737 1285 huc
767 1226 807 1286 ad
828 1242 885 1284 nos
917 1242 951 1285 es
972 1224 1151 1301 profectus?
1192 1222 1300 1298 Neque

369 1323 452 1379 enim
473 1321 583 1396 opinor
612 1321 677 1380 ludi
697 1322 791 1380 huius
813 1322 916 1396 gratia
939 1320 1038 1389 venis,
1070 1320 1123 1395 qui
1153 1320 1225 1378 ante
1256 1319 1301 1376 tot

367 1413 447 1472 meis
468 1416 563 1487 atque
587 1414 663 1472 item
684 1414 815 1473 aliorum
842 1413 954 1473 litteris
976 1414 1127 1472 invitatus
1148 1413 1210 1471 huc
1230 1428 1299 1487 per-

367 1508 449 1567 trahi
470 1524 533 1566 non
553 1509 691 1583 potuisti.

332 1618 356 1660 ro
445 1602 617 1663 loannes
657 1604 752 1663 Immo
774 1605 833 1664 hac
854 1605 924 1679 ipsa
945 1620 1041 1664 causa
1061 1604 1181 1663 adsum.

448 1697 607 1758 Marcus.
628 1697 801 1773 Vtcumque
816 1700 865 1767 sit,
880 1700 1002 1775 gaudeo
1017 1701 1048 1758 te
1060 1698 1299 1757 festivissimum

368 1794 507 1854 sodalem
537 1794 627 1853 nobis
658 1795 823 1853 redditum.
878 1793 917 1853 Et
949 1794 999 1853 bic
1040 1794 1195 1853 adventus
1225 1794 1299 1851 tuus

367 1889 518 1949 noumihi
532 1890 642 1958 solum,
664 1890 721 1948 sed
735 1891 890 1959 omuibus
913 1891 965 1965 qui
984 1892 1015 1949 te
1029 1892 1152 1957 norunt,
1173 1889 1299 1964 optatus

368 1989 425 2044 est.
466 1983 633 2043 Sedenim
654 1985 778 2059 aperias
799 2002 861 2054 oro,
883 1985 1032 2060 quidnam
1053 1986 1093 2043 sit
1109 1984 1195 2052 illud,
1217 1983 1299 2058 quod

330 2094 355 2137 15
368 2083 400 2139 te
420 2079 548 2138 tandem
568 2080 630 2137 huc
651 2079 800 2139 allexerit.

444 2173 611 2233 loannes
652 2172 706 2232 Vis
728 2172 828 2234 scire?

443 2268 603 2328 Marcus.
644 2267 729 2327 Volo.

380 2364 382 2368 ’
443 2362 615 2422 loannes.
660 2364 786 2423 Audies.
828 2361 906 2423 Cum
922 2365 1059 2440 primum
1078 2365 1177 2437 puber
1195 2362 1298 2421 iactus

366 2459 502 2534 graviori
522 2458 616 2533 paulo
638 2475 713 2518 cura
732 2466 970 2534 praeceptorem
989 2459 1157 2534 scriptores
1172 2457 1298 2517 Latinos

327 2566 353 2609 ao
366 2554 601 2629 praelegentem
622 2554 729 2612 audire
751 2555 935 2629 coepissem,
967 2555 1100 2613 subinde
1127 2553 1298 2612 Graeculae

366 2648 484 2723 aliquot
497 2665 591 2707 voces
607 2649 697 2707 nobis
712 2651 932 2721 occurrebant;
951 2667 1011 2724 quo
1031 2650 1098 2708 loco
1113 2652 1299 2724 praeceptor
1326 2664 1328 2667 ·

366 2760 423 2802 euo
444 2760 574 2803 munere
605 2744 733 2819 egregie
764 2761 799 2803 se
820 2746 951 2820 putabat
970 2744 1126 2820 perfungi,
1153 2744 1298 2819 quotiens

366 2839 466 2897 obiter
495 2841 617 2898 tantum
638 2839 821 2899 admoneret
852 2856 923 2899 esse
951 2857 989 2899 ea
1009 2839 1136 2907 Graeca,
1168 2838 1298 2914 perinde

367 2950 403 2993 ac
424 2935 452 2992 si
472 2935 640 3009 peregrina
670 2935 710 2993 ad
730 2952 788 2993 nos
820 2936 897 2994 nibil
918 2937 1097 2995 attinerent.
1137 2935 1193 2993 Hic
1224 2934 1298 3009 quid

327 3042 353 3084 25
366 3028 435 3087 aliis
451 3030 650 3088 audientibus
665 3031 697 3088 in
712 3034 851 3089 mentem
864 3033 995 3100 venerit,
1017 3032 1132 3099 nescio,
1154 3030 1298 3104 equidem

366 3124 411 3182 sic
432 3126 623 3199 cogitabam:
645 3126 672 3183 si
693 3126 732 3183 ad
753 3142 812 3184 nos
826 3125 904 3185 haec
918 3142 981 3185 non
994 3126 1161 3201 pertinent,
1183 3127 1219 3183 ut
1239 3141 1297 3184 nec

365 3220 491 3294 cognita
521 3220 646 3278 doctum
681 3236 739 3278 nec
760 3221 922 3295 incognita
947 3221 1126 3295 imperitum
1155 3219 1296 3286 reddant,

366 3330 421 3372 cur
451 3331 513 3373 non
545 3331 583 3373 ex
613 3315 700 3372 libris
731 3316 892 3389 tamquam
924 3315 1114 3375 offendicula
1144 3314 1297 3389 quaedam

365 3410 490 3483 penitus
523 3406 699 3468 eredimus?
749 3409 871 3469 Deinde
897 3411 1034 3470 mirabar
1053 3413 1196 3469 veterum
1221 3411 1296 3467 scri-

324 3518 351 3560 ao
364 3511 488 3579 ptorum
508 3521 609 3579 paene
630 3507 768 3564 omnium
789 3507 1011 3574 curiositatem,
1033 3507 1086 3579 qui
1107 3522 1169 3563 non
1196 3506 1297 3564 solum

364 3616 481 3675 magna
501 3617 577 3659 cura
596 3601 781 3675 peregrinas
801 3602 882 3661 istas
903 3618 1006 3676 nugas
1027 3601 1218 3668 didicissent,
1241 3600 1297 3659 sed

365 3698 396 3752 et
416 3694 502 3752 libris
524 3695 589 3753 suis
611 3695 699 3753 velut
724 3697 865 3755 maculas
887 3697 1039 3771 quasdam
1059 3696 1295 3771 inspersissent.

363 3788 533 3858 Postremo,
556 3807 745 3865 quamquam
766 3809 786 3850 a
799 3794 1003 3866 praeceptore
1018 3792 1114 3850 libere
1129 3792 1296 3850 dissentire

365 3890 432 3943 crat
453 3886 570 3959 religio,
591 3889 705 3954 tamen,
729 3904 799 3945 cum
822 3888 961 3945 audirem
985 3903 1056 3946 esse
1076 3887 1160 3945 viros
1181 3902 1295 3962 graves
