3234 4617
622 468 772 513 Dmuouvs
785 468 962 512 XXVIII—XXX.
1251 471 1286 528 37

428 651 625 710 Antonius.
672 650 734 711 Sed
764 654 848 711 unde
870 653 986 711 famem
1011 651 1134 727 pellam,
1166 653 1192 710 si
1223 670 1286 711 non

352 747 438 805 cibos
459 747 678 820 undecumque
700 749 884 821 conquirere
905 744 997 806 licet?

430 841 639 901 Marcellus,
701 841 758 901 Hic
792 844 825 900 in
859 843 935 901 urbe
970 843 1122 915 quantum
1156 843 1286 899 naturae

351 939 429 995 satis
464 938 512 995 est
542 936 684 996 nancisci
719 939 825 1011 potes3
862 954 936 995 nam
967 952 1098 1010 quorum
1133 935 1286 994 beneficio

324 1031 447 1089 5totius
476 1031 551 1089 anni
572 1031 689 1089 victum
710 1033 876 1105 conquiris,
903 1031 1073 1089 eorundem
1094 1030 1286 1105 benignitate

352 1128 384 1185 et
404 1141 521 1200 paucos
544 1125 609 1184 dies
630 1127 807 1200 transigere
829 1142 950 1201 posses.

429 1220 624 1279 Antonius.
646 1220 775 1280 Frustra
785 1224 816 1279 te
830 1221 967 1296 appello;
983 1222 1178 1287 severiores,
1193 1235 1287 1293 quam

352 1319 387 1375 ut
409 1319 514 1375 tecum
535 1333 602 1375 rem
622 1316 738 1375 habere
759 1316 861 1374 velim.
903 1316 975 1391 Ipsa
995 1332 1030 1374 es
1052 1315 1216 1390 sapientia.

429 1411 642 1471 Marcellus
684 1411 759 1486 Age,
783 1428 852 1485 age,
873 1412 910 1468 ut
930 1411 1023 1469 lubet.
1289 1408 1291 1411 ’

612 1693 840 1759 DIALOGVS
864 1694 976 1758 XXX.

630 1832 767 1893 Paulus
789 1834 826 1892 et
846 1833 976 1892 Lucas.

457 1963 501 2016 De
520 1968 686 2017 sanctorum
704 1964 904 2016 communione
922 1962 1135 2032 colloquuntur.

432 2084 579 2143 Paulus.
622 2084 756 2143 Obsecro
778 2086 819 2153 te,
841 2086 884 2142 mi
904 2083 995 2152 Luca,
1022 2083 1122 2141 modis
1144 2083 1287 2141 omnibus

356 2196 414 2237 nos
436 2181 631 2238 excutiamus
653 2181 746 2253 atque
778 2180 816 2237 ab
851 2178 934 2237 omni
964 2179 1165 2253 peccatorum
1196 2178 1287 2235 sorde

318 2289 342 2330 15
356 2277 565 2349 paenitentiae
581 2277 685 2350 scopis
702 2290 918 2349 repurgemus,
936 2290 976 2331 ne
987 2274 1025 2331 ad
1038 2273 1117 2331 tanti
1128 2272 1286 2347 principie,

356 2372 407 2443 qui
419 2371 516 2428 semel
528 2371 606 2428 nutu
618 2387 675 2428 nos
686 2370 817 2445 perdere
828 2371 942 2444 potest,
954 2385 1096 2427 mensam
1106 2367 1200 2426 illotis
1212 2383 1285 2442 qua·

324 2479 388 2533 [naa]
408 2466 435 2522 si
446 2465 591 2523 manibus
603 2465 790 2523 accedamus
802 2466 834 2523 et
844 2480 959 2539 panem
969 2464 1056 2523 illum
1068 2479 1134 2522 cae·
1154 2466 1158 2531 Ι
1176 2463 1286 2522 lestem

342 2562 450 2633 ‘atque
465 2560 682 2618 admirandum
693 2559 810 2634 polluto
825 2576 887 2627 ore,
902 2559 996 2617 immo
1012 2559 1043 2617 et
1059 2558 1161 2617 animo
1184 2573 1286 2615 suma·

355 2672 440 2726 mus;
463 2656 501 2713 de
523 2671 583 2728 quo
599 2655 666 2713 heri
681 2657 745 2713 tam
759 2655 953 2729 pietamque
972 2652 1123 2728 frugifera
1138 2652 1287 2710 disseruit

315 2765 342 2807 20
355 2751 581 2825 ludimagister.

432 2843 561 2901 Lucas
602 2842 752 2916 Equidem
774 2859 830 2917 pro
851 2859 923 2901 mea
943 2841 1024 2900 virili
1045 2841 1156 2901 adhoc
1176 2842 1286 2900 enitar.

356 2937 419 2996 Sed
450 2952 538 3013 rogo:
581 2939 728 3012 quidnam
762 2938 800 2996 de
834 2938 893 2997 hoc
933 2937 1082 3012 mysterio
1114 2937 1288 3012 disputavit

356 3030 558 3108 praeceptor?
589 3033 669 3092 Nam
689 3033 758 3107 ipse
779 3049 843 3091 non
863 3031 1005 3091 interlui„

435 3126 581 3186 Paulus.
624 3127 646 3186 Ο
667 3130 827 3196 miserum,
849 3128 902 3201 qui
922 3127 998 3186 talia
1018 3124 1175 3201 neglegis!

315 3236 342 3279 25
435 3222 562 3281 Lucas
617 3222 738 3282 Adesse
776 3239 838 3281 non
875 3222 960 3296 quivi
994 3222 1066 3281 alibi
1100 3223 1286 3295 occupatus;

356 3318 556 3390 quamobrem
582 3317 786 3376 vehementer
817 3334 869 3375 oro
901 3320 933 3376 et
954 3318 1109 3392 obtestor,
1142 3333 1182 3376 ne
1213 3315 1288 3391 mihi

356 3429 422 3470 rem
443 3412 520 3471 adeo
542 3411 700 3470 salubrem
721 3412 873 3471 invideas

434 3506 581 3565 Paulus,
622 3507 735 3566 Aiebat
768 3508 889 3565 tantam
923 3523 995 3565 esse
1020 3507 1168 3566 virtutem
1194 3506 1287 3564 huius

357 3601 531 3660 admirandi
552 3602 621 3669 cibi
653 3603 688 3660 ut
713 3602 766 3676 qui
793 3619 829 3661 eo
856 3602 915 3660 rite
941 3603 1145 3661 vescerentur
1175 3587 1288 3658 fierent

316 3710 343 3751 eo
357 3712 454 3754 unum
488 3712 601 3771 corpus
637 3699 730 3770 atque
769 3713 851 3755 unus
887 3697 1015 3770 spiritus
1060 3713 1131 3754 cum
1165 3694 1286 3753 Christo

357 3792 464 3865 sicque
484 3793 515 3849 in
545 3790 646 3850 Deum
671 3791 791 3865 Deique
813 3790 913 3849 lilium
934 3792 1069 3863 abirent;
1092 3791 1148 3849 sed
1169 3790 1196 3847 si
1217 3789 1287 3863 quis

356 3886 498 3961 impurus
520 3887 689 3963 contingat,
712 3902 783 3945 eum
804 3903 867 3945 non
882 3887 1024 3956 salutem,
1047 3885 1103 3945 sed
1118 3886 1287 3944 extremam
