3234 4617
725 1538 953 1605 DIALOGVS
977 1539 1000 1603 Ι.

641 1704 783 1781 Caspar
809 1707 845 1764 et
865 1706 1069 1765 Modestus.

657 1835 702 1888 De
721 1834 858 1888 nundinis
877 1834 1051 1889 fabulantur.

493 1973 643 2050 Caspar.
685 1974 752 2049 Age
773 1990 856 2041 vero,
888 1973 1041 2033 Modesto:
1074 1975 1149 2048 quot
1180 1974 1247 2033 dies
1274 1974 1346 2033 hinc

387 2071 530 2129 aabsunt
558 2069 768 2127 nundinarum
792 2068 898 2137 feriae,
927 2070 1040 2143 quibus
1064 2068 1247 2143 frequentes
1268 2070 1345 2129 adeo

413 2165 475 2224 huo
495 2164 653 2240 peregrini
674 2164 846 2222 adveniunt
866 2160 1075 2223 mercatores?

491 2260 694 2318 Modestus.
726 2259 810 2327 Dies,
832 2260 863 2317 ni
877 2258 976 2328 fallor,
999 2259 1256 2334 quattuordecim,
1272 2276 1345 2318 nam

413 2357 559 2414 accurate
590 2354 732 2430 singulas
753 2371 854 2429 paene
884 2354 978 2413 horas
1009 2354 1049 2413 ad
1074 2354 1228 2413 calculum
1258 2370 1343 2414 voco.

413 2450 567 2525 siquidem
598 2449 717 2508 nulium
749 2452 873 2524 tempus
904 2450 999 2507 totius
1025 2450 1099 2508 anni
1124 2448 1267 2525 cupidius
1294 2465 1343 2507 ex-

375 2546 521 2618 respecto
543 2561 636 2619 quam
657 2545 878 2604 nundinarum.

490 2638 641 2713 Caspar.
682 2639 751 2697 Non
766 2639 887 2707 iniuria,
910 2639 1160 2714 quandoquidem
1173 2638 1233 2697 hae
1247 2637 1344 2697 feriae

412 2735 526 2809 partim
560 2736 695 2802 nuntios,
735 2736 850 2809 partim
883 2735 1012 2800 litteras,
1050 2735 1165 2809 partim
1199 2734 1343 2792 omnibus

411 2828 521 2887 litteris
548 2831 701 2904 gratiores
738 2830 888 2905 pecunias
914 2830 1004 2888 nobis
1030 2831 1204 2905 apportant.
1257 2828 1344 2901 Quod

411 2924 439 2980 si
459 2941 521 2982 non
549 2925 677 2983 etmihi
703 2926 764 2983 iam
790 2925 883 3000 plane
905 2926 1057 2984 exhausto
1082 2926 1242 3000 proximae
1263 2941 1343 2983 nun-

372 3031 397 3073 15
411 3019 503 3077 dinae
534 3020 656 3094 argenti
684 3020 859 3078 subsidium
880 3021 1049 3088 attulerint,
1075 3036 1137 3078 non
1161 3021 1270 3095 potero
1290 3019 1343 3080 hio

410 3113 526 3171 diutius
548 3116 668 3173 durare.

486 3209 688 3267 Modestus,
743 3209 896 3268 Pecunias
932 3210 1064 3285 quidem,
1098 3210 1130 3267 id
1155 3210 1237 3283 quod
1263 3211 1342 3269 satis

409 3303 482 3371 scio,
515 3304 665 3378 accipiam
696 3306 807 3373 nullae,
843 3322 982 3379 pannum
1016 3307 1122 3363 tamen
1155 3305 1187 3363 in
1217 3307 1343 3365 vestem

408 3397 571 3457 hibernam
602 3416 636 3457 se
671 3401 843 3458 discedenti
878 3401 953 3459 mihi
992 3402 1162 3459 missurum
1197 3402 1343 3476 promisit

367 3506 395 3547 ao
408 3495 504 3567 pater.

485 3586 634 3663 Caspar.
676 3589 801 3649 Vtinam
822 3592 954 3665 uterque
979 3590 1044 3648 voti
1065 3607 1191 3664 compos
1212 3589 1279 3659 fiat,
1305 3593 1342 3650 111

407 3684 439 3741 et
459 3685 494 3741 tu
515 3684 705 3742 commodius
720 3685 853 3744 vestitus
875 3688 907 3744 et
921 3702 979 3760 ego
993 3686 1183 3745 nummatior
1195 3688 1340 3761 urgentis

407 3778 518 3836 hiemis
540 3778 669 3837 iniurias
690 3780 802 3838 minori
823 3782 948 3856 negotio
970 3782 1154 3855 propulsare
1176 3797 1338 3855 queamus.
