<?xml version="1.0" encoding="UTF-8"?>
<!DOCTYPE html PUBLIC "-//W3C//DTD XHTML 1.0 Transitional//EN"
    "http://www.w3.org/TR/xhtml1/DTD/xhtml1-transitional.dtd">
<html xmlns="http://www.w3.org/1999/xhtml" xml:lang="en" lang="en">
 <head>
  <title>
</title>
<meta http-equiv="Content-Type" content="text/html;charset=utf-8" />
  <meta name='ocr-system' content='tesseract 3.04.00' />
  <meta name='ocr-capabilities' content='ocr_page ocr_carea ocr_par ocr_line ocrx_word'/>
</head>
<body>
  <div class='ocr_page' id='page_1' title='image "./petrvsmosellanv01schagoog_0061.png"; bbox 0 0 3234 4617; ppageno 0'>
   <div class='ocr_carea' id='block_1_1' title="bbox 713 555 1279 614">
    <p class='ocr_par' dir='ltr' id='par_1_1' title="bbox 713 555 1279 614">
     <span class='ocr_line' id='line_1_1' title="bbox 713 555 1279 614; baseline 0 -17"><span class='ocrx_word' id='word_1_1' title='bbox 713 555 881 602; x_wconf 72' lang='lat' dir='ltr'><strong>enarrarre.</strong></span> <span class='ocrx_word' id='word_1_2' title='bbox 1263 559 1279 614; x_wconf 91' lang='lat'><strong>3</strong></span> 
     </span>
    </p>
   </div>
   <div class='ocr_carea' id='block_1_2' title="bbox 315 738 1283 3078">
    <p class='ocr_par' dir='ltr' id='par_1_2' title="bbox 315 738 1283 3078">
     <span class='ocr_line' id='line_1_2' title="bbox 351 738 1279 813; baseline -0.001 -16"><span class='ocrx_word' id='word_1_3' title='bbox 351 740 504 798; x_wconf 91' lang='lat' dir='ltr'><strong>eiusmodi</strong></span> <span class='ocrx_word' id='word_1_4' title='bbox 524 738 647 797; x_wconf 84' lang='lat' dir='ltr'><strong>tabulas</strong></span> <span class='ocrx_word' id='word_1_5' title='bbox 668 738 753 796; x_wconf 92' lang='lat' dir='ltr'><strong>velut</strong></span> <span class='ocrx_word' id='word_1_6' title='bbox 774 739 925 812; x_wconf 90' lang='lat' dir='ltr'><strong>quosdam</strong></span> <span class='ocrx_word' id='word_1_7' title='bbox 944 739 1061 813; x_wconf 87' lang='lat' dir='ltr'><strong>gradus</strong></span> <span class='ocrx_word' id='word_1_8' title='bbox 1084 738 1123 797; x_wconf 89' lang='lat' dir='ltr'><strong>ad</strong></span> <span class='ocrx_word' id='word_1_9' title='bbox 1144 738 1279 797; x_wconf 79' lang='lat' dir='ltr'>Terentii</span> 
     </span>
     <span class='ocr_line' id='line_1_3' title="bbox 350 831 1281 909; baseline -0.003 -15"><span class='ocrx_word' id='word_1_10' title='bbox 350 835 576 909; x_wconf 80' lang='lat' dir='ltr'><strong>proprietatem</strong></span> <span class='ocrx_word' id='word_1_11' title='bbox 596 851 632 892; x_wconf 90' lang='lat' dir='ltr'><strong>ac</strong></span> <span class='ocrx_word' id='word_1_12' title='bbox 653 831 890 892; x_wconf 87' lang='lat' dir='ltr'><strong>Cloeronianam</strong></span> <span class='ocrx_word' id='word_1_13' title='bbox 910 833 1093 893; x_wconf 79' lang='lat' dir='ltr'><strong>facilitatem</strong></span> <span class='ocrx_word' id='word_1_14' title='bbox 1114 834 1215 908; x_wconf 91' lang='lat' dir='ltr'><strong>prima</strong></span> <span class='ocrx_word' id='word_1_15' title='bbox 1228 835 1281 892; x_wconf 90' lang='lat' dir='ltr'><strong>illa</strong></span> 
     </span>
     <span class='ocr_line' id='line_1_4' title="bbox 351 928 1279 1003; baseline -0.002 -15"><span class='ocrx_word' id='word_1_16' title='bbox 351 931 439 988; x_wconf 88' lang='lat' dir='ltr'><strong>aetas</strong></span> <span class='ocrx_word' id='word_1_17' title='bbox 466 930 587 988; x_wconf 82' lang='lat' dir='ltr'><strong>traduci</strong></span> <span class='ocrx_word' id='word_1_18' title='bbox 612 930 775 1003; x_wconf 91' lang='lat' dir='ltr'><strong>potuisset.</strong></span> <span class='ocrx_word' id='word_1_19' title='bbox 823 928 896 1000; x_wconf 85' lang='lat' dir='ltr'><strong>Quis</strong></span> <span class='ocrx_word' id='word_1_20' title='bbox 918 930 1023 987; x_wconf 88' lang='lat' dir='ltr'><strong>autem</strong></span> <span class='ocrx_word' id='word_1_21' title='bbox 1043 930 1164 988; x_wconf 89' lang='lat' dir='ltr'><strong>laturus</strong></span> <span class='ocrx_word' id='word_1_22' title='bbox 1186 932 1279 996; x_wconf 86' lang='lat' dir='ltr'><strong>esset,</strong></span> 
     </span>
     <span class='ocr_line' id='line_1_5' title="bbox 350 1024 1278 1099; baseline 0.001 -17"><span class='ocrx_word' id='word_1_23' title='bbox 350 1026 444 1083; x_wconf 92' lang='lat' dir='ltr'><strong>immo</strong></span> <span class='ocrx_word' id='word_1_24' title='bbox 459 1026 528 1099; x_wconf 91' lang='lat' dir='ltr'><strong>quis</strong></span> <span class='ocrx_word' id='word_1_25' title='bbox 543 1042 606 1082; x_wconf 92' lang='lat' dir='ltr'><strong>non</strong></span> <span class='ocrx_word' id='word_1_26' title='bbox 622 1025 728 1083; x_wconf 90' lang='lat' dir='ltr'><strong>statim</strong></span> <span class='ocrx_word' id='word_1_27' title='bbox 743 1024 974 1092; x_wconf 79' lang='lat' dir='ltr'><strong>exsibilaturuS,</strong></span> <span class='ocrx_word' id='word_1_28' title='bbox 992 1025 1018 1082; x_wconf 90' lang='lat' dir='ltr'><strong>si</strong></span> <span class='ocrx_word' id='word_1_29' title='bbox 1033 1041 1071 1082; x_wconf 82' lang='lat' dir='ltr'><strong>ex</strong></span> <span class='ocrx_word' id='word_1_30' title='bbox 1085 1024 1197 1099; x_wconf 91' lang='lat' dir='ltr'><strong>puerili</strong></span> <span class='ocrx_word' id='word_1_31' title='bbox 1211 1042 1278 1099; x_wconf 89' lang='lat' dir='ltr'><strong>per·</strong></span> 
     </span>
     <span class='ocr_line' id='line_1_6' title="bbox 325 1116 1279 1193; baseline 0.002 -18"><span class='ocrx_word' id='word_1_32' title='bbox 325 1134 430 1178; x_wconf 78' lang='lat' dir='ltr'><strong>esona</strong></span> <span class='ocrx_word' id='word_1_33' title='bbox 460 1120 602 1177; x_wconf 87' lang='lat' dir='ltr'><strong>tetricam</strong></span> <span class='ocrx_word' id='word_1_34' title='bbox 633 1119 727 1177; x_wconf 90' lang='lat' dir='ltr'><strong>istam</strong></span> <span class='ocrx_word' id='word_1_35' title='bbox 759 1136 870 1177; x_wconf 91' lang='lat' dir='ltr'><strong>senum</strong></span> <span class='ocrx_word' id='word_1_36' title='bbox 897 1119 1085 1193; x_wconf 88' lang='lat' dir='ltr'><strong>sapientiam</strong></span> <span class='ocrx_word' id='word_1_37' title='bbox 1116 1116 1279 1180; x_wconf 71' lang='lat' dir='ltr'><strong>sonarem?</strong></span> 
     </span>
     <span class='ocr_line' id='line_1_7' title="bbox 351 1214 1279 1291; baseline 0.003 -19"><span class='ocrx_word' id='word_1_38' title='bbox 351 1214 489 1273; x_wconf 83' lang='lat' dir='ltr'><strong>Tametsi</strong></span> <span class='ocrx_word' id='word_1_39' title='bbox 510 1216 585 1272; x_wconf 90' lang='lat' dir='ltr'><strong>sunt</strong></span> <span class='ocrx_word' id='word_1_40' title='bbox 605 1214 654 1272; x_wconf 92' lang='lat' dir='ltr'><strong>his</strong></span> <span class='ocrx_word' id='word_1_41' title='bbox 676 1215 876 1289; x_wconf 89' lang='lat' dir='ltr'><strong>nugamentis</strong></span> <span class='ocrx_word' id='word_1_42' title='bbox 898 1216 1013 1272; x_wconf 87' lang='lat' dir='ltr'><strong>nostris</strong></span> <span class='ocrx_word' id='word_1_43' title='bbox 1035 1215 1172 1275; x_wconf 83' lang='lat' dir='ltr'><strong>admixta</strong></span> <span class='ocrx_word' id='word_1_44' title='bbox 1187 1234 1279 1291; x_wconf 88' lang='lat' dir='ltr'><strong>quae-</strong></span> 
     </span>
     <span class='ocr_line' id='line_1_8' title="bbox 352 1310 1280 1385; baseline 0.002 -17"><span class='ocrx_word' id='word_1_45' title='bbox 352 1311 432 1379; x_wconf 89' lang='lat' dir='ltr'><strong>dam,</strong></span> <span class='ocrx_word' id='word_1_46' title='bbox 455 1326 534 1385; x_wconf 89' lang='lat' dir='ltr'><strong>quae</strong></span> <span class='ocrx_word' id='word_1_47' title='bbox 556 1310 639 1367; x_wconf 91' lang='lat' dir='ltr'><strong>seria</strong></span> <span class='ocrx_word' id='word_1_48' title='bbox 660 1311 774 1368; x_wconf 90' lang='lat' dir='ltr'><strong>ducere</strong></span> <span class='ocrx_word' id='word_1_49' title='bbox 794 1310 893 1367; x_wconf 91' lang='lat' dir='ltr'><strong>videri</strong></span> <span class='ocrx_word' id='word_1_50' title='bbox 914 1310 1045 1384; x_wconf 83' lang='lat' dir='ltr'><strong>possint,</strong></span> <span class='ocrx_word' id='word_1_51' title='bbox 1072 1327 1171 1384; x_wconf 90' lang='lat' dir='ltr'><strong>usque</strong></span> <span class='ocrx_word' id='word_1_52' title='bbox 1194 1312 1280 1379; x_wconf 89' lang='lat' dir='ltr'><strong>adeo,</strong></span> 
     </span>
     <span class='ocr_line' id='line_1_9' title="bbox 352 1404 1280 1465; baseline 0.003 -3"><span class='ocrx_word' id='word_1_53' title='bbox 352 1407 387 1462; x_wconf 91' lang='lat' dir='ltr'><strong>ut</strong></span> <span class='ocrx_word' id='word_1_54' title='bbox 407 1407 439 1463; x_wconf 90' lang='lat' dir='ltr'><strong>et</strong></span> <span class='ocrx_word' id='word_1_55' title='bbox 458 1405 517 1463; x_wconf 90' lang='lat' dir='ltr'><strong>hoc</strong></span> <span class='ocrx_word' id='word_1_56' title='bbox 537 1405 662 1462; x_wconf 91' lang='lat' dir='ltr'><strong>nomine</strong></span> <span class='ocrx_word' id='word_1_57' title='bbox 684 1405 722 1464; x_wconf 90' lang='lat' dir='ltr'><strong>ab</strong></span> <span class='ocrx_word' id='word_1_58' title='bbox 737 1404 928 1463; x_wconf 89' lang='lat' dir='ltr'><strong>Aristarchis</strong></span> <span class='ocrx_word' id='word_1_59' title='bbox 949 1405 1019 1462; x_wconf 91' lang='lat' dir='ltr'><strong>istis</strong></span> <span class='ocrx_word' id='word_1_60' title='bbox 1040 1405 1093 1462; x_wconf 85' lang='lat' dir='ltr'><strong>vix</strong></span> <span class='ocrx_word' id='word_1_61' title='bbox 1113 1406 1200 1464; x_wconf 89' lang='lat' dir='ltr'><strong>tutus</strong></span> <span class='ocrx_word' id='word_1_62' title='bbox 1221 1408 1280 1465; x_wconf 91' lang='lat' dir='ltr'><strong>sim</strong></span> 
     </span>
     <span class='ocr_line' id='line_1_10' title="bbox 351 1498 1280 1574; baseline 0.003 -17"><span class='ocrx_word' id='word_1_63' title='bbox 351 1498 483 1557; x_wconf 84' lang='lat' dir='ltr'><strong>tuturus.</strong></span> <span class='ocrx_word' id='word_1_64' title='bbox 536 1498 599 1557; x_wconf 87' lang='lat' dir='ltr'><strong>Sed</strong></span> <span class='ocrx_word' id='word_1_65' title='bbox 629 1499 724 1558; x_wconf 91' lang='lat' dir='ltr'><strong>malui</strong></span> <span class='ocrx_word' id='word_1_66' title='bbox 754 1516 813 1574; x_wconf 84' lang='lat' dir='ltr'><strong>ego</strong></span> <span class='ocrx_word' id='word_1_67' title='bbox 845 1499 947 1557; x_wconf 91' lang='lat' dir='ltr'><strong>decori</strong></span> <span class='ocrx_word' id='word_1_68' title='bbox 977 1500 1137 1574; x_wconf 88' lang='lat' dir='ltr'><strong>paulisper</strong></span> <span class='ocrx_word' id='word_1_69' title='bbox 1166 1502 1280 1560; x_wconf 90' lang='lat' dir='ltr'><strong>oblitus</strong></span> 
     </span>
     <span class='ocr_line' id='line_1_11' title="bbox 315 1595 1281 1669; baseline 0.005 -20"><span class='ocrx_word' id='word_1_70' title='bbox 315 1608 340 1650; x_wconf 87' lang='lat' dir='ltr'><strong>ro</strong></span> <span class='ocrx_word' id='word_1_71' title='bbox 354 1596 489 1668; x_wconf 89' lang='lat' dir='ltr'><strong>paucula</strong></span> <span class='ocrx_word' id='word_1_72' title='bbox 520 1595 652 1652; x_wconf 88' lang='lat' dir='ltr'><strong>subinde</strong></span> <span class='ocrx_word' id='word_1_73' title='bbox 683 1610 862 1669; x_wconf 84' lang='lat' dir='ltr'><strong>aspergere,</strong></span> <span class='ocrx_word' id='word_1_74' title='bbox 895 1610 983 1668; x_wconf 89' lang='lat' dir='ltr'><strong>quae,</strong></span> <span class='ocrx_word' id='word_1_75' title='bbox 1015 1596 1043 1652; x_wconf 92' lang='lat' dir='ltr'><strong>si</strong></span> <span class='ocrx_word' id='word_1_76' title='bbox 1074 1596 1179 1669; x_wconf 88' lang='lat' dir='ltr'><strong>pueris</strong></span> <span class='ocrx_word' id='word_1_77' title='bbox 1215 1598 1281 1655; x_wconf 90' lang='lat' dir='ltr'><strong>suis</strong></span> 
     </span>
     <span class='ocr_line' id='line_1_12' title="bbox 351 1690 1280 1765; baseline 0.002 -18"><span class='ocrx_word' id='word_1_78' title='bbox 351 1690 541 1748; x_wconf 86' lang='lat' dir='ltr'><strong>litteratores</strong></span> <span class='ocrx_word' id='word_1_79' title='bbox 555 1690 740 1765; x_wconf 87' lang='lat' dir='ltr'><strong>praelegant</strong></span> <span class='ocrx_word' id='word_1_80' title='bbox 751 1691 879 1754; x_wconf 88' lang='lat' dir='ltr'><strong>attente,</strong></span> <span class='ocrx_word' id='word_1_81' title='bbox 895 1691 1011 1763; x_wconf 87' lang='lat' dir='ltr'><strong>queant</strong></span> <span class='ocrx_word' id='word_1_82' title='bbox 1026 1707 1097 1748; x_wconf 92' lang='lat' dir='ltr'><strong>cum</strong></span> <span class='ocrx_word' id='word_1_83' title='bbox 1107 1691 1280 1749; x_wconf 88' lang='lat' dir='ltr'><strong>studiorum</strong></span> 
     </span>
     <span class='ocr_line' id='line_1_13' title="bbox 352 1779 1280 1859; baseline 0 -16"><span class='ocrx_word' id='word_1_84' title='bbox 352 1786 486 1843; x_wconf 89' lang='lat' dir='ltr'><strong>abusum</strong></span> <span class='ocrx_word' id='word_1_85' title='bbox 506 1779 614 1843; x_wconf 89' lang='lat' dir='ltr'><strong>tollere</strong></span> <span class='ocrx_word' id='word_1_86' title='bbox 635 1789 701 1843; x_wconf 90' lang='lat' dir='ltr'><strong>tum</strong></span> <span class='ocrx_word' id='word_1_87' title='bbox 721 1785 874 1859; x_wconf 90' lang='lat' dir='ltr'><strong>pueritiae</strong></span> <span class='ocrx_word' id='word_1_88' title='bbox 895 1801 997 1843; x_wconf 92' lang='lat' dir='ltr'><strong>mores</strong></span> <span class='ocrx_word' id='word_1_89' title='bbox 1018 1786 1057 1843; x_wconf 89' lang='lat' dir='ltr'><strong>ad</strong></span> <span class='ocrx_word' id='word_1_90' title='bbox 1072 1784 1280 1845; x_wconf 86' lang='lat' dir='ltr'><strong>Christianam</strong></span> 
     </span>
     <span class='ocr_line' id='line_1_14' title="bbox 351 1879 1280 1955; baseline 0.001 -18"><span class='ocrx_word' id='word_1_91' title='bbox 351 1880 494 1954; x_wconf 87' lang='lat' dir='ltr'><strong>regulam</strong></span> <span class='ocrx_word' id='word_1_92' title='bbox 519 1882 683 1955; x_wconf 87' lang='lat' dir='ltr'><strong>corrigere.</strong></span> <span class='ocrx_word' id='word_1_93' title='bbox 724 1880 786 1938; x_wconf 91' lang='lat' dir='ltr'><strong>Hos</strong></span> <span class='ocrx_word' id='word_1_94' title='bbox 808 1880 932 1938; x_wconf 88' lang='lat' dir='ltr'><strong>labores</strong></span> <span class='ocrx_word' id='word_1_95' title='bbox 953 1880 1017 1947; x_wconf 89' lang='lat' dir='ltr'><strong>tibi,</strong></span> <span class='ocrx_word' id='word_1_96' title='bbox 1046 1880 1088 1938; x_wconf 89' lang='lat' dir='ltr'><strong>mi</strong></span> <span class='ocrx_word' id='word_1_97' title='bbox 1108 1879 1280 1947; x_wconf 88' lang='lat' dir='ltr'><strong>Poliander,</strong></span> 
     </span>
     <span class='ocr_line' id='line_1_15' title="bbox 352 1974 1279 2050; baseline 0 -17"><span class='ocrx_word' id='word_1_98' title='bbox 352 1976 456 2033; x_wconf 87' lang='lat' dir='ltr'><strong>dicare</strong></span> <span class='ocrx_word' id='word_1_99' title='bbox 477 1976 561 2033; x_wconf 89' lang='lat' dir='ltr'><strong>volui</strong></span> <span class='ocrx_word' id='word_1_100' title='bbox 583 1976 776 2043; x_wconf 84' lang='lat' dir='ltr'><strong>nominatim,</strong></span> <span class='ocrx_word' id='word_1_101' title='bbox 798 1977 842 2042; x_wconf 90' lang='lat' dir='ltr'><strong>ut,</strong></span> <span class='ocrx_word' id='word_1_102' title='bbox 865 1974 918 2050; x_wconf 88' lang='lat' dir='ltr'><strong>qui</strong></span> <span class='ocrx_word' id='word_1_103' title='bbox 940 1976 1048 2033; x_wconf 87' lang='lat' dir='ltr'><strong>auctor</strong></span> <span class='ocrx_word' id='word_1_104' title='bbox 1068 1976 1158 2033; x_wconf 89' lang='lat' dir='ltr'><strong>nobis</strong></span> <span class='ocrx_word' id='word_1_105' title='bbox 1178 1979 1209 2033; x_wconf 89' lang='lat' dir='ltr'><strong>et</strong></span> <span class='ocrx_word' id='word_1_106' title='bbox 1228 1978 1279 2034; x_wconf 89' lang='lat' dir='ltr'><strong>ad·</strong></span> 
     </span>
     <span class='ocr_line' id='line_1_16' title="bbox 315 2069 1280 2145; baseline 0.002 -20"><span class='ocrx_word' id='word_1_107' title='bbox 315 2083 339 2125; x_wconf 83' lang='lat'><strong>15</strong></span> <span class='ocrx_word' id='word_1_108' title='bbox 351 2070 433 2127; x_wconf 86' lang='lat' dir='ltr'><strong>iutor</strong></span> <span class='ocrx_word' id='word_1_109' title='bbox 446 2070 485 2128; x_wconf 92' lang='lat' dir='ltr'><strong>ad</strong></span> <span class='ocrx_word' id='word_1_110' title='bbox 500 2069 578 2128; x_wconf 89' lang='lat' dir='ltr'><strong>haec</strong></span> <span class='ocrx_word' id='word_1_111' title='bbox 593 2071 758 2129; x_wconf 89' lang='lat' dir='ltr'><strong>scribenda</strong></span> <span class='ocrx_word' id='word_1_112' title='bbox 771 2069 868 2137; x_wconf 89' lang='lat' dir='ltr'><strong>fuisti,</strong></span> <span class='ocrx_word' id='word_1_113' title='bbox 882 2071 962 2128; x_wconf 91' lang='lat' dir='ltr'><strong>idem</strong></span> <span class='ocrx_word' id='word_1_114' title='bbox 979 2086 1101 2144; x_wconf 90' lang='lat' dir='ltr'><strong>quoque</strong></span> <span class='ocrx_word' id='word_1_115' title='bbox 1116 2071 1280 2145; x_wconf 88' lang='lat' dir='ltr'><strong>suscipias,</strong></span> 
     </span>
     <span class='ocr_line' id='line_1_17' title="bbox 353 2164 1281 2238; baseline 0.001 -16"><span class='ocrx_word' id='word_1_116' title='bbox 353 2165 500 2238; x_wconf 91' lang='lat' dir='ltr'><strong>quicquid</strong></span> <span class='ocrx_word' id='word_1_117' title='bbox 526 2166 559 2223; x_wconf 93' lang='lat' dir='ltr'><strong>id</strong></span> <span class='ocrx_word' id='word_1_118' title='bbox 579 2167 629 2223; x_wconf 89' lang='lat' dir='ltr'><strong>est</strong></span> <span class='ocrx_word' id='word_1_119' title='bbox 649 2165 752 2231; x_wconf 90' lang='lat' dir='ltr'><strong>libelli,</strong></span> <span class='ocrx_word' id='word_1_120' title='bbox 785 2169 840 2223; x_wconf 91' lang='lat' dir='ltr'><strong>tua</strong></span> <span class='ocrx_word' id='word_1_121' title='bbox 859 2164 1015 2233; x_wconf 76' lang='lat' dir='ltr'><strong>facundia,</strong></span> <span class='ocrx_word' id='word_1_122' title='bbox 1037 2166 1223 2223; x_wconf 88' lang='lat' dir='ltr'><strong>auctoritate</strong></span> <span class='ocrx_word' id='word_1_123' title='bbox 1244 2182 1281 2223; x_wconf 90' lang='lat' dir='ltr'><strong>ao</strong></span> 
     </span>
     <span class='ocr_line' id='line_1_18' title="bbox 352 2259 1281 2335; baseline 0.001 -18"><span class='ocrx_word' id='word_1_124' title='bbox 352 2261 456 2335; x_wconf 87' lang='lat' dir='ltr'><strong>gratia</strong></span> <span class='ocrx_word' id='word_1_125' title='bbox 475 2260 635 2318; x_wconf 87' lang='lat' dir='ltr'><strong>tuendum.</strong></span> <span class='ocrx_word' id='word_1_126' title='bbox 668 2259 755 2331; x_wconf 85' lang='lat' dir='ltr'><strong>Quod</strong></span> <span class='ocrx_word' id='word_1_127' title='bbox 776 2262 802 2318; x_wconf 92' lang='lat' dir='ltr'><strong>si</strong></span> <span class='ocrx_word' id='word_1_128' title='bbox 818 2277 855 2318; x_wconf 87' lang='lat' dir='ltr'><strong>ex</strong></span> <span class='ocrx_word' id='word_1_129' title='bbox 876 2260 936 2318; x_wconf 88' lang='lat' dir='ltr'><strong>hac</strong></span> <span class='ocrx_word' id='word_1_130' title='bbox 957 2260 1092 2319; x_wconf 89' lang='lat' dir='ltr'><strong>editione</strong></span> <span class='ocrx_word' id='word_1_131' title='bbox 1114 2261 1154 2318; x_wconf 92' lang='lat' dir='ltr'><strong>ad</strong></span> <span class='ocrx_word' id='word_1_132' title='bbox 1173 2264 1204 2318; x_wconf 91' lang='lat' dir='ltr'><strong>te</strong></span> <span class='ocrx_word' id='word_1_133' title='bbox 1225 2261 1281 2318; x_wconf 90' lang='lat' dir='ltr'><strong>im·</strong></span> 
     </span>
     <span class='ocr_line' id='line_1_19' title="bbox 353 2355 1283 2429; baseline -0.001 -16"><span class='ocrx_word' id='word_1_134' title='bbox 353 2355 512 2429; x_wconf 88' lang='lat' dir='ltr'><strong>pulsorem</strong></span> <span class='ocrx_word' id='word_1_135' title='bbox 543 2356 574 2414; x_wconf 87' lang='lat' dir='ltr'><strong>et</strong></span> <span class='ocrx_word' id='word_1_136' title='bbox 605 2371 654 2413; x_wconf 93' lang='lat' dir='ltr'><strong>me</strong></span> <span class='ocrx_word' id='word_1_137' title='bbox 686 2356 869 2429; x_wconf 89' lang='lat' dir='ltr'><strong>scriptorem</strong></span> <span class='ocrx_word' id='word_1_138' title='bbox 901 2357 956 2413; x_wconf 89' lang='lat' dir='ltr'><strong>aut</strong></span> <span class='ocrx_word' id='word_1_139' title='bbox 987 2356 1072 2414; x_wconf 91' lang='lat' dir='ltr'><strong>nulla</strong></span> <span class='ocrx_word' id='word_1_140' title='bbox 1102 2357 1156 2414; x_wconf 91' lang='lat' dir='ltr'><strong>aut</strong></span> <span class='ocrx_word' id='word_1_141' title='bbox 1176 2356 1283 2413; x_wconf 86' lang='lat' dir='ltr'><strong>tenuis</strong></span> 
     </span>
     <span class='ocr_line' id='line_1_20' title="bbox 354 2437 1280 2525; baseline -0.001 -17"><span class='ocrx_word' id='word_1_142' title='bbox 354 2450 521 2508; x_wconf 88' lang='lat' dir='ltr'><strong>admodum</strong></span> <span class='ocrx_word' id='word_1_143' title='bbox 541 2450 641 2525; x_wconf 87' lang='lat' dir='ltr'><strong>gloria</strong></span> <span class='ocrx_word' id='word_1_144' title='bbox 661 2450 782 2517; x_wconf 89' lang='lat' dir='ltr'><strong>redibit,</strong></span> <span class='ocrx_word' id='word_1_145' title='bbox 815 2437 951 2508; x_wconf 88' lang='lat' dir='ltr'><strong>solemur</strong></span> <span class='ocrx_word' id='word_1_146' title='bbox 976 2467 1032 2509; x_wconf 92' lang='lat' dir='ltr'><strong>nos</strong></span> <span class='ocrx_word' id='word_1_147' title='bbox 1054 2450 1114 2525; x_wconf 89' lang='lat' dir='ltr'><strong>ipsi</strong></span> <span class='ocrx_word' id='word_1_148' title='bbox 1135 2467 1192 2525; x_wconf 90' lang='lat' dir='ltr'><strong>per</strong></span> <span class='ocrx_word' id='word_1_149' title='bbox 1212 2450 1280 2516; x_wconf 88' lang='lat' dir='ltr'><strong>hoc,</strong></span> 
     </span>
     <span class='ocr_line' id='line_1_21' title="bbox 316 2544 1280 2620; baseline 0.002 -19"><span class='ocrx_word' id='word_1_150' title='bbox 316 2559 341 2601; x_wconf 84' lang='lat'><strong>20</strong></span> <span class='ocrx_word' id='word_1_151' title='bbox 354 2546 437 2619; x_wconf 87' lang='lat' dir='ltr'><strong>quod</strong></span> <span class='ocrx_word' id='word_1_152' title='bbox 457 2545 542 2603; x_wconf 92' lang='lat' dir='ltr'><strong>nullo</strong></span> <span class='ocrx_word' id='word_1_153' title='bbox 564 2544 722 2619; x_wconf 90' lang='lat' dir='ltr'><strong>popularis</strong></span> <span class='ocrx_word' id='word_1_154' title='bbox 744 2561 839 2603; x_wconf 88' lang='lat' dir='ltr'><strong>aurae</strong></span> <span class='ocrx_word' id='word_1_155' title='bbox 860 2544 991 2618; x_wconf 90' lang='lat' dir='ltr'><strong>pruritu,</strong></span> <span class='ocrx_word' id='word_1_156' title='bbox 1014 2546 1070 2604; x_wconf 92' lang='lat' dir='ltr'><strong>sed</strong></span> <span class='ocrx_word' id='word_1_157' title='bbox 1089 2545 1139 2620; x_wconf 94' lang='lat' dir='ltr'><strong>pio</strong></span> <span class='ocrx_word' id='word_1_158' title='bbox 1162 2553 1193 2603; x_wconf 90' lang='lat' dir='ltr'><strong>et</strong></span> <span class='ocrx_word' id='word_1_159' title='bbox 1209 2546 1280 2603; x_wconf 90' lang='lat' dir='ltr'><strong>sim·</strong></span> 
     </span>
     <span class='ocr_line' id='line_1_22' title="bbox 354 2640 1280 2715; baseline -0.001 -17"><span class='ocrx_word' id='word_1_160' title='bbox 354 2641 425 2714; x_wconf 86' lang='lat' dir='ltr'><strong>plici</strong></span> <span class='ocrx_word' id='word_1_161' title='bbox 447 2641 550 2698; x_wconf 90' lang='lat' dir='ltr'><strong>animo</strong></span> <span class='ocrx_word' id='word_1_162' title='bbox 571 2642 703 2713; x_wconf 88' lang='lat' dir='ltr'><strong>uterque</strong></span> <span class='ocrx_word' id='word_1_163' title='bbox 724 2643 867 2698; x_wconf 90' lang='lat' dir='ltr'><strong>nostrum</strong></span> <span class='ocrx_word' id='word_1_164' title='bbox 888 2640 947 2698; x_wconf 89' lang='lat' dir='ltr'><strong>hoc</strong></span> <span class='ocrx_word' id='word_1_165' title='bbox 962 2642 1121 2715; x_wconf 87' lang='lat' dir='ltr'><strong>negotium</strong></span> <span class='ocrx_word' id='word_1_166' title='bbox 1135 2641 1280 2699; x_wconf 89' lang='lat' dir='ltr'><strong>tractavi-</strong></span> 
     </span>
     <span class='ocr_line' id='line_1_23' title="bbox 354 2735 1283 2811; baseline 0 -18"><span class='ocrx_word' id='word_1_167' title='bbox 354 2752 433 2800; x_wconf 87' lang='lat' dir='ltr'><strong>mus,</strong></span> <span class='ocrx_word' id='word_1_168' title='bbox 456 2736 490 2793; x_wconf 91' lang='lat' dir='ltr'><strong>tu</strong></span> <span class='ocrx_word' id='word_1_169' title='bbox 508 2735 709 2801; x_wconf 85' lang='lat' dir='ltr'><strong>adhortando,</strong></span> <span class='ocrx_word' id='word_1_170' title='bbox 732 2751 790 2809; x_wconf 88' lang='lat' dir='ltr'><strong>ego</strong></span> <span class='ocrx_word' id='word_1_171' title='bbox 806 2735 978 2801; x_wconf 89' lang='lat' dir='ltr'><strong>scribendo,</strong></span> <span class='ocrx_word' id='word_1_172' title='bbox 1006 2735 1158 2811; x_wconf 90' lang='lat' dir='ltr'><strong>siquidem</strong></span> <span class='ocrx_word' id='word_1_173' title='bbox 1174 2736 1283 2793; x_wconf 83' lang='lat' dir='ltr'><strong>iuvare</strong></span> 
     </span>
     <span class='ocr_line' id='line_1_24' title="bbox 355 2830 1283 2903; baseline -0.001 -15"><span class='ocrx_word' id='word_1_174' title='bbox 355 2830 533 2888; x_wconf 90' lang='lat' dir='ltr'><strong>studuimus</strong></span> <span class='ocrx_word' id='word_1_175' title='bbox 564 2830 675 2889; x_wconf 88' lang='lat' dir='ltr'><strong>saltem</strong></span> <span class='ocrx_word' id='word_1_176' title='bbox 707 2830 835 2903; x_wconf 91' lang='lat' dir='ltr'><strong>aliquos,</strong></span> <span class='ocrx_word' id='word_1_177' title='bbox 872 2847 984 2888; x_wconf 89' lang='lat' dir='ltr'><strong>nocere</strong></span> <span class='ocrx_word' id='word_1_178' title='bbox 1023 2830 1147 2888; x_wconf 88' lang='lat' dir='ltr'><strong>nemini.</strong></span> <span class='ocrx_word' id='word_1_179' title='bbox 1198 2831 1283 2889; x_wconf 88' lang='lat' dir='ltr'><strong>Bene</strong></span> 
     </span>
     <span class='ocr_line' id='line_1_25' title="bbox 354 2925 1282 3000; baseline -0.001 -18"><span class='ocrx_word' id='word_1_180' title='bbox 354 2926 431 2983; x_wconf 89' lang='lat' dir='ltr'><strong>vale.</strong></span> <span class='ocrx_word' id='word_1_181' title='bbox 483 2925 615 3000; x_wconf 90' lang='lat' dir='ltr'><strong>Lipsiae,</strong></span> <span class='ocrx_word' id='word_1_182' title='bbox 646 2926 724 2999; x_wconf 90' lang='lat' dir='ltr'><strong>ipsis</strong></span> <span class='ocrx_word' id='word_1_183' title='bbox 754 2925 841 2984; x_wconf 83' lang='lat' dir='ltr'><strong>feriis</strong></span> <span class='ocrx_word' id='word_1_184' title='bbox 873 2926 936 2984; x_wconf 93' lang='lat' dir='ltr'><strong>divi</strong></span> <span class='ocrx_word' id='word_1_185' title='bbox 957 2925 1107 2984; x_wconf 89' lang='lat' dir='ltr'><strong>Matthaei</strong></span> <span class='ocrx_word' id='word_1_186' title='bbox 1140 2925 1282 2999; x_wconf 87' lang='lat' dir='ltr'><strong>apostoli,</strong></span> 
     </span>
     <span class='ocr_line' id='line_1_26' title="bbox 316 3017 733 3078; baseline 0.005 -2"><span class='ocrx_word' id='word_1_187' title='bbox 316 3032 436 3078; x_wconf 65' lang='lat' dir='ltr'><strong>manno</strong></span> <span class='ocrx_word' id='word_1_188' title='bbox 458 3019 619 3078; x_wconf 87' lang='lat' dir='ltr'><strong>MDXVlII.</strong></span> <span class='ocrx_word' id='word_1_189' title='bbox 732 3017 733 3020; x_wconf 66' lang='grc'>’</span> 
     </span>
    </p>
   </div>
   <div class='ocr_carea' id='block_1_3' title="bbox 0 0 1629 4617">
    <p class='ocr_par' dir='ltr' id='par_1_3' title="bbox 0 0 1629 4617">
     <span class='ocr_line' id='line_1_27' title="bbox 0 0 1629 4617; baseline 0 0"><span class='ocrx_word' id='word_1_190' title='bbox 0 0 1629 4617; x_wconf 95' lang='lat' dir='ltr'><strong> </strong></span> 
     </span>
    </p>
   </div>
  </div>
 </body>
</html>
