3234 4617
690 463 839 509 nmuoovs
853 463 886 514 111,
900 463 934 505 lV.
1280 467 1295 521 7

367 648 613 725 efflagitatums3
643 665 738 722 quam
767 649 821 707 ubi
841 647 929 706 luero
954 650 1151 717 consecutus,
1177 650 1295 707 conter-

367 761 533 805 raneorum
553 760 693 803 meorum
713 743 834 811 litteris,
867 759 945 816 quas
976 743 1016 801 ad
1044 744 1191 817 parentes
1222 759 1296 801 suos

366 840 442 899 mihi
463 840 590 907 dabunt,
616 840 754 914 acceptis
777 839 884 897 statim
909 837 968 897 iter
988 838 1154 913 ingrediar.
1196 837 1296 909 Quare

366 935 541 995 rectissime
561 934 641 1001 vale,
671 935 714 992 mi
735 932 839 1002 Paule,
866 934 993 992 mutuae
1019 933 1145 992 nostrae
1167 950 1295 992 consue-

340 1032 484 1090 studinls
504 1047 631 1090 memor.
672 1029 760 1101 Quod
780 1030 808 1088 si
829 1030 953 1103 quando
975 1029 1099 1088 dabitur
1119 1030 1225 1097 otium,
1246 1029 1296 1088 fac

367 1127 404 1186 de
426 1127 601 1185 studiorum
621 1131 746 1184 tuorum
766 1125 887 1184 rationo
909 1128 940 1183 et
960 1125 1024 1183 ludi
1038 1125 1132 1183 huius
1147 1128 1232 1184 statu
1247 1142 1296 1184 me

366 1222 479 1281 fitteris
501 1221 564 1280 tuis
585 1221 748 1279 certiorem
770 1221 891 1279 reddas.

444 1316 591 1376 Paulus.
631 1315 756 1375 Faciam
786 1315 903 1383 sedulo,
935 1315 977 1372 mi
1002 1314 1100 1382 Petre,
1133 1317 1164 1373 et
1185 1315 1295 1374 lubens

307 1414 309 1417 ⁴
367 1413 508 1487 quidem3
529 1412 584 1470 sed
605 1411 684 1469 heus
706 1415 769 1468 tu.
797 1456 802 1467 .

329 1522 354 1564 ro
444 1507 586 1566 Petrus.
628 1506 707 1578 Quid
727 1506 795 1565 esti

443 1602 590 1661 Paulus.
611 1602 839 1661 conterraneos
854 1604 934 1670 tuos,
951 1618 1082 1675 quorum
1093 1601 1294 1669 consuetudo,

366 1698 442 1757 dum
471 1696 522 1755 hic
543 1698 642 1762 erant,
672 1695 796 1768 utrique
825 1696 967 1752 nostrum
998 1696 1066 1752 erat
1095 1696 1194 1767 gratu,
1226 1710 1295 1751 meo

365 1793 491 1851 nomine
512 1791 679 1867 diligenter
699 1789 818 1848 saintes
839 1788 941 1847 velim.

442 1886 582 1945 Petrus.
624 1885 680 1944 Sat
700 1889 761 1944 est:
783 1883 905 1942 faciam.

329 2342 371 2385 u.
410 2370 413 2375 .
653 2324 880 2392 DIALOGVS
905 2325 960 2392 IV.

316 2466 358 2520 De
385 2466 587 2521 conveniendo
607 2472 805 2535 praeceptore,
834 2466 971 2520 missione
994 2466 1176 2536 impetranda
1192 2466 1293 2538 ‘deque
1359 2531 1362 2536 1

577 2554 680 2622 gratiis
698 2552 882 2623 praeceptori
901 2552 1030 2622 agendis.

441 2673 631 2734 Pandulus
653 2677 688 2733 et
709 2674 859 2746 Petrus3
881 2673 1171 2750 Ludimagistor.

441 2821 646 2881 Pandulus.
688 2821 761 2893 Quis
783 2838 826 2889 es
859 2822 911 2896 qui
932 2822 1051 2897 trepide
1082 2822 1159 2881 adeo
1185 2823 1292 2898 pulsas

326 2914 498 2977 nostium?
538 2918 585 2977 En
606 2917 706 2986 Petro,
729 2922 785 2977 tun
806 2916 963 2994 pulsasti?

442 3012 583 3072 Petrus.
623 3013 759 3074 Pulsavi.

442 3107 644 3168 Pandulus.
687 3108 749 3168 Sed
769 3126 832 3184 qua
855 3110 958 3185 gratia
977 3110 1039 3168 huc
1057 3109 1221 3169 intromitti
1240 3128 1292 3187 po·

363 3201 482 3263 stulasi
519 3204 588 3262 Non
608 3205 643 3263 ut
664 3205 850 3280 magistrum
872 3201 1059 3264 convenias?

441 3298 584 3358 Petrus.
635 3299 777 3368 Maxime,
810 3300 837 3357 si
868 3303 916 3357 est
946 3299 1044 3358 intus:
1076 3300 1184 3367 habeo,
1211 3302 1292 3374 quod

324 3406 350 3448 2⁵
363 3410 435 3452 cum
455 3411 491 3453 eo
512 3411 605 3469 agam
624 3396 701 3469 ipso.

439 3488 638 3548 Pandulus,
689 3489 745 3548 Est
775 3490 875 3561 intus3
911 3489 967 3547 sed
1002 3506 1094 3548 mane
1124 3489 1291 3565 paulisper,

327 3596 387 3651 [alal
415 3584 490 3643 dum
505 3585 565 3643 huc
581 3585 636 3643 tibi
647 3585 801 3653 renuntio,
817 3601 857 3644 an
873 3586 932 3644 hoc
947 3585 1095 3658 temporis
1110 3583 1222 3643 articu·
1241 3588 1245 3658 Ι
1263 3585 1291 3644 lo

363 3680 392 3737 ei
411 3681 443 3738 tc
469 3679 576 3738 audire
597 3682 696 3738 vacet.
722 3713 761 3721 —
781 3679 871 3747 Here,
899 3679 1104 3751 scholasticus
1136 3680 1291 3754 quispiam

361 3772 438 3832 foris
460 3776 630 3849 exspectat,
662 3775 722 3849 qui,
753 3775 781 3832 si
802 3791 865 3833 non
886 3775 927 3833 sit
947 3774 1122 3844 molestum,
1154 3775 1241 3852 cupit
1261 3777 1292 3835 te

324 3880 350 3925 ao
363 3870 401 3929 de
421 3887 455 3929 re
476 3871 623 3945 quapiam
644 3870 820 3930 convenire.
