3234 4617
350 467 387 530 10
632 460 833 510 MOSBLLANVS,
847 460 1044 505 Pannocoorn.

362 660 422 713 [era]
453 645 578 714 multos,
610 646 663 719 qui
681 646 685 719 Ι
703 645 770 712 hae,
805 644 899 703 sicuti
926 647 993 703 tum
1023 647 1199 720 putabatur,
1231 661 1334 720 nugas

400 740 664 815 amplecterentur
694 739 988 815 profiterenturque‚
1021 741 1173 818 paulatim
1204 741 1333 799 circum-

401 836 523 910 spicere
544 836 640 909 coepi,
661 840 767 893 utrum
792 835 919 893 credere
940 835 1079 895 mallem:
1105 835 1335 911 magistrumne

350 918 352 920 ¹
401 947 506 989 meum
535 931 639 1005 potius
665 930 843 1007 ignorantia
863 930 925 994 labi
956 947 995 988 an
1017 932 1115 989 totam
1136 930 1235 989 semel
1256 931 1334 989 anti·

373 1026 553 1100 equitatem
575 1027 605 1084 et
625 1042 663 1083 ex
677 1025 904 1084 recentioribus
921 1024 1053 1099 optimos
1075 1042 1217 1100 quosque
1231 1026 1333 1100 pueri-

401 1121 473 1179 liter
493 1121 635 1181 delirare.
676 1120 783 1195 ltaque
809 1120 854 1177 sic
879 1120 956 1178 mihi
980 1121 1063 1179 irrter
1083 1120 1142 1179 hoc
1167 1120 1334 1179 fluctuanti

401 1218 433 1275 et
467 1216 499 1274 in
534 1231 627 1291 quam
667 1217 789 1290 partem
828 1215 1012 1273 inclinarem
1046 1215 1215 1274 haesitanti
1254 1214 1334 1274 forte

400 1311 526 1370 fortuna
547 1311 668 1379 cecidit,
700 1312 736 1368 ut
756 1309 852 1369 Marci
873 1310 964 1369 Tullii
984 1308 1144 1369 Ciceronis
1175 1310 1271 1369 libros
1298 1312 1334 1369 de

401 1405 514 1465 officiis
536 1406 727 1465 enarrandos
760 1408 945 1480 praeceptor
965 1406 1150 1481 susciperet,
1181 1406 1214 1464 in
1245 1406 1334 1465 cuius

364 1517 388 1559 io
401 1502 545 1560 lectionis
565 1502 715 1575 ingressu
746 1501 854 1559 statim
884 1502 916 1558 in
946 1502 1017 1575 ipsa
1041 1501 1236 1576 praefatione
1262 1518 1330 1575 gra-

401 1597 550 1655 vissimus
572 1596 623 1655 ille
644 1599 675 1655 et
695 1595 899 1670 philosophus
915 1599 946 1653 et
965 1601 1067 1654 orator
1081 1596 1173 1654 unico
1194 1612 1252 1654 suo
1266 1595 1331 1655 filio

402 1693 522 1759 suadet,
553 1693 588 1750 ut
609 1690 728 1751 Graeca
749 1707 822 1749 eum
842 1690 961 1749 Latinis
982 1691 1160 1764 coniungat,
1193 1708 1253 1765 quo
1275 1709 1332 1767 par

401 1789 442 1845 sit
462 1789 495 1846 in
515 1787 679 1861 utriusque
694 1768 844 1845 orationis
868 1785 1033 1857 facultate;
1054 1786 1113 1844 hoo
1137 1786 1191 1844 ubi
1205 1802 1330 1861 praece·

401 1885 489 1958 ptore
511 1882 728 1941 dissimulante
750 1881 826 1940 mihi
837 1881 1049 1955 arripuissem,
1072 1881 1210 1954 graviter
1230 1882 1333 1941 dolere

363 1994 388 2036 15
402 1980 490 2054 coepi
501 1982 649 2053 negatam
664 1979 754 2037 nobis
768 1977 966 2037 occasionem
981 1994 1034 2036 eas
1049 1977 1169 2035 litteras
1184 1977 1333 2045 discendi,

402 2090 535 2148 quarum
569 2072 715 2141 studium,
751 2073 778 2130 si
804 2075 914 2131 essent
934 2073 1069 2140 inutiles,
1101 2088 1160 2131 nec
1192 2073 1336 2132 laudaret

404 2169 515 2227 consul
535 2166 694 2226 Romanus
716 2184 774 2226 nec
794 2167 860 2226 filio
881 2168 974 2226 unico
998 2168 1178 2242 iniungeret
1202 2167 1336 2242 pruden-

402 2264 543 2321 tissimus
564 2266 662 2337 pater.

480 2357 637 2417 Marcus.
677 2357 742 2416 lam
763 2357 862 2424 video,
885 2373 944 2432 quo
967 2357 1085 2416 tendas.

363 2444 390 2509 ao
480 2453 647 2512 loannes.
688 2452 793 2512 Mane:
825 2452 963 2511 nondum
988 2452 1092 2510 omnia
1115 2451 1222 2509 babae.
1258 2449 1336 2509 (ium

403 2548 481 2607 haec
502 2549 662 2607 subiratus
685 2564 806 2607 mecum
828 2548 990 2622 agitarem,
1023 2563 1095 2606 ecce
1126 2562 1232 2605 rumor
1252 2545 1335 2620 apud

403 2660 460 2702 nos
480 2643 684 2702 increbrescit
704 2643 736 2701 in
761 2642 844 2702 hanc
871 2642 1119 2701 laudatissimam
1144 2641 1335 2700 academiam

402 2739 554 2813 principis
570 2737 788 2797 munificentia
802 2738 981 2805 accersitos,
997 2738 1050 2812 qui
1063 2737 1187 2812 publice
1199 2735 1335 2795 Graecas

403 2834 523 2893 litteras
545 2834 678 2892 doceant
699 2836 730 2892 et
750 2849 788 2891 ex
810 2849 919 2891 eorum
939 2833 1025 2892 velut
1038 2831 1178 2890 fontibus
1193 2832 1337 2890 nonnihil

364 2943 526 3003 aequoque
557 2928 589 2985 in
620 2928 728 2986 ludum
749 2928 937 2986 litterarium
957 2926 1100 2985 derivari.
1141 2925 1226 2985 Haec
1250 2924 1337 2985 fama

403 3025 517 3098 partim
558 3022 681 3090 litteris,
721 3023 834 3096 partim
868 3022 1115 3082 commeantibus
1152 3019 1337 3079 confirmata

402 3119 488 3178 illinc
508 3135 558 3177 me
580 3118 744 3192 utriusque
775 3118 957 3176 eruditionis
990 3117 1137 3191 cupidum
1169 3116 1284 3174 excivit
1304 3119 1336 3174 et

402 3215 465 3273 huc
486 3213 615 3288 appulit.
656 3212 769 3282 Hebae,
791 3230 847 3271 cur
860 3212 1057 3272 advenerim:
1079 3212 1227 3270 nimirum
1247 3210 1336 3268 utin

402 3309 462 3367 hoc
483 3311 587 3367 vestro
609 3308 682 3366 ludo
704 3310 735 3366 et
756 3308 894 3366 Graecae
909 3307 1036 3382 linguae
1052 3306 1208 3366 elementa
1222 3306 1336 3365 saltem

363 3418 390 3459 ec
403 3404 495 3463 liceat
515 3403 685 3478 percipere.
724 3443 726 3445 ψ

480 3498 639 3556 Marcus.
680 3496 781 3556 Dubio
802 3496 911 3570 procul
932 3497 996 3554 voti
1010 3512 1137 3572 compos
1157 3495 1218 3553 eris
1233 3510 1336 3569 neque
1383 3547 1386 3552 .

403 3595 505 3669 aliquo
527 3593 586 3652 alio
606 3592 729 3652 felicius
757 3595 787 3651 te
810 3591 952 3650 conferre
972 3592 1144 3666 potuisses:
1176 3590 1253 3649 adeo
1284 3589 1336 3648 hic

365 3702 427 3755 [ero]
455 3689 559 3747 omnia
588 3688 678 3746 nobis
709 3690 784 3746 sunt
804 3704 884 3746 com·
904 3684 907 3762 l
925 3688 1024 3745 moda.
1070 3686 1221 3760 Denique,
1253 3687 1336 3759 quod

402 3783 602 3858 peculiariter
636 3784 676 3841 ad
710 3800 776 3841 rem
797 3783 941 3857 pertinet,
974 3783 1075 3851 ludus,
1110 3782 1149 3850 si¹
1169 3780 1336 3856 quisquam

362 3890 390 3933 aa
403 3878 485 3945 alibi,
507 3877 779 3937 instructissimus.
