3234 4617
616 520 765 565 nnioovs
778 520 965 564 xxm-xxva.
1061 561 1063 565 Α
1246 522 1283 579 35

427 706 625 766 Fabianus.
674 704 761 774 Vide,
793 706 867 779 quid
897 722 984 780 agas
1015 721 1089 763 nam
1119 704 1157 763 de
1188 703 1284 763 larvis

352 803 478 861 cautum
493 803 550 860 est.
583 800 677 860 Porro
692 801 939 875 compotationes
955 801 986 858 et
1000 799 1161 858 contiones
1177 798 1284 858 civiles

352 897 491 956 indulsit.

316 1006 379 1060 [aaa]
428 990 663 1050 Franciscus.
682 991 687 1065 l
704 990 881 1049 Parendum
902 989 975 1047 erit:
997 989 1111 1063 alioqui
1136 990 1209 1063 post
1228 988 1283 1047 im·

324 1087 508 1161 spermissa
526 1086 643 1161 gaudia
663 1086 786 1146 fortiter
808 1085 1011 1160 plorabimus⁴

586 1446 813 1513 DIALOGVS
841 1447 999 1512 XXVIII.

606 1583 715 1642 Vitus
737 1588 772 1643 et
793 1583 968 1643 Severus

430 1713 476 1767 De
494 1714 603 1767 ieiunio
622 1713 717 1783 deque
730 1712 924 1776 confessione,
943 1730 1028 1783 quam
1041 1718 1155 1767 vocant.

431 1843 549 1902 Vitus
592 1843 670 1915 Quid
694 1844 779 1902 istud
800 1844 967 1919 portendit,
989 1844 1127 1912 Severa·
1140 1845 1222 1919 quod
1242 1844 1287 1902 ita

316 1954 341 1995 ιο
355 1940 584 2014 cogitabundus
605 1936 802 1998 inambulas?
844 1940 923 1999 Nam
948 1940 1024 1998 mihi
1045 1940 1178 1999 arduum
1200 1939 1284 2013 quid-

354 2036 425 2095 dam
446 2035 589 2094 meditari
610 2036 735 2093 videris.

432 2129 604 2188 Severus.
646 2129 759 2205 Rogas
782 2129 872 2203 quasi
892 2146 955 2188 non
969 2130 1074 2205 ipsum
1088 2130 1147 2189 hoc
1161 2131 1286 2205 tempus

355 2228 394 2293 te,
416 2224 489 2298 quid
510 2240 646 2300 agerem,
668 2225 779 2283 docere
799 2225 910 2298 possit.
1009 2263 1015 2273 ·

433 2318 549 2377 Vitus.
590 2320 717 2377 Ieiuniis
748 2336 823 2394 ergo
855 2320 972 2378 crebris
1003 2321 1035 2378 te
1065 2336 1217 2388 maceras,
1252 2324 1288 2378 ut

316 2429 341 2471 15
356 2414 506 2491 eiusmodi
528 2414 641 2473 faciem
662 2411 830 2473 exhibeas?

434 2508 609 2567 Severus,
650 2509 784 2576 Minime,
817 2509 874 2567 sed
905 2525 985 2582 quae
1006 2525 1117 2583 parum
1142 2509 1289 2584 religiose

355 2604 387 2662 in
399 2603 500 2663 Deum
515 2604 706 2663 conditorem
720 2606 815 2677 atque
837 2604 974 2662 eundum
988 2603 1188 2663 liberatorem
1207 2605 1289 2663 male

356 2702 465 2773 gratus
500 2699 621 2767 admisi,
663 2715 701 2757 ea
732 2715 816 2757 nunc
850 2699 882 2756 in
917 2700 1098 2757 memoriam
1139 2714 1289 2757 revocare

357 2794 476 2852 studeo.
526 2793 591 2852 Iam
621 2795 704 2852 enim
736 2795 861 2868 tempus
894 2794 986 2852 simul
1017 2793 1112 2867 atque'
1138 2793 1289 2851 ecclesiae

315 2904 343 2945 ao
358 2889 493 2947 edictum
520 2889 667 2963 postulat,
698 2892 734 2946 ut
754 2891 885 2963 peccata
910 2891 1019 2954 nostra
1044 2888 1209 2964 diligenter
1238 2904 1287 2947 ex-

358 3000 452 3042 cussa
465 2984 541 3042 tutis
557 2984 755 3060 sacerdotum
769 2984 897 3042 auribus
913 2984 1072 3042 censenda
1086 2984 1287 3058 deponamus,

358 3094 418 3151 quo
449 3078 487 3136 ab
509 3079 554 3136 eis
577 3080 615 3137 de
640 3081 841 3153 peccatorum
862 3079 982 3138 ratione
1003 3079 1113 3146 edocti,
1146 3078 1291 3136 videlicet

358 3189 499 3246 quaeque
514 3173 596 3232 levia
614 3190 755 3248 quaeque
776 3174 886 3249 gravia
907 3174 977 3241 sint,
1001 3174 1148 3248 deinceps
1165 3174 1288 3232 cautius

358 3269 510 3326 vivamus.

317 3376 344 3419 25
436 3362 552 3421 Vitus
594 3363 634 3421 At
664 3363 804 3422 incurius
831 3379 889 3437 ego
911 3379 950 3420 ne
972 3362 1070 3421 semel
1090 3363 1216 3438 quidem
1237 3362 1289 3420 ad·

358 3458 420 3516 huc
442 3459 480 3516 de
500 3475 534 3516 re
554 3459 643 3516 tanta
663 3459 805 3532 cogitavi.

437 3552 615 3611 Severus
657 3553 721 3612 Hac
743 3554 865 3611 ratione
886 3552 982 3610 nihilo
1004 3568 1038 3610 es
1060 3552 1177 3609 melior.
1210 3550 1290 3622 Quin

359 3651 480 3708 mature
496 3648 586 3706 nobis
603 3648 663 3706 hoc
678 3664 808 3706 munere
825 3647 1060 3722 defungendum
1071 3650 1129 3714 est,
1145 3647 1291 3704 nimirum

359 3747 394 3801 ut
423 3743 482 3802 hoc
513 3742 683 3801 confitendi
704 3759 806 3810 onere,
840 3759 900 3815 quo
922 3742 1042 3801 nullum
1073 3745 1122 3799 est
1152 3741 1290 3816 gravius,

319 3853 347 3895 ao
360 3838 481 3897 liberati
513 3839 576 3897 divi
608 3837 757 3913 Gregorii,
790 3838 964 3897 studiorum
994 3837 1158 3911 praesidis,
1195 3836 1291 3895 ferias

361 3950 491 4007 agamus
513 3934 729 4008 expeditiores.

1103 4042 1136 4097 3*
