3234 4617
644 529 971 572 niacoovsxxx-xxxu.
1262 534 1299 592 39

447 712 631 772 Vrbanus
686 714 727 772 At
761 715 884 787 quando
923 715 1057 788 agentur
1089 712 1299 774 ambarvaliai

341 859 343 864 ,
369 808 420 868 Sic
441 809 525 868 enim
545 811 706 880 vocantur,
733 825 812 882 quae
834 808 917 883 apud
938 809 1079 868 ethnicos
1100 814 1191 868 erant
1210 809 1298 869 Robi-

369 905 452 979 galia
472 902 652 978 Paliliaque.

446 998 632 1058 Kilianus
673 997 833 1057 Perendie.

342 1108 355 1149 5
447 1093 629 1153 Vrbanus.
660 1092 740 1152 Num
753 1096 785 1152 et
795 1111 853 1152 nos
864 1095 909 1153 eis
921 1094 1021 1152 sacris
1032 1095 1144 1153 adesse
1160 1095 1298 1170 oportet?

446 1189 629 1248 Kilianus.
671 1188 814 1257 Maxime,
845 1190 962 1263 pariter
987 1191 1019 1247 et
1044 1189 1226 1248 clericorum
1252 1208 1298 1249 or·

367 1284 471 1342 dinem
492 1300 624 1342 omnem.
1115 1333 1118 1338 ⁴

442 1377 626 1437 Vrbanus
681 1379 722 1437 At
756 1380 840 1453 apud
874 1380 1031 1437 nostrates
1065 1379 1122 1436 soli
1155 1381 1298 1454 agrestes

367 1472 522 1532 sacrificio
544 1476 716 1549 praeeunte
737 1490 830 1549 agros
852 1473 1041 1547 obequitant.

329 1581 352 1623 ro
443 1566 626 1627 Kilianus.
669 1567 753 1626 Snus
779 1570 890 1641 cuique
916 1568 1035 1643 regioni
1068 1571 1116 1628 est
1136 1585 1213 1637 mos,
1246 1571 1297 1643 qui

367 1678 423 1736 pro
445 1662 514 1737 lege
536 1664 585 1721 est
605 1662 778 1721 habendus

607 1954 834 2021 DIALOGVS
858 1952 1021 2021 xxxii<

575 2093 783 2169 Leopoldus
804 2097 841 2154 et
862 2094 1032 2153 Severus

315 2220 360 2275 De
392 2222 566 2291 spectaculis
590 2222 803 2277 comoediarum
827 2222 1100 2292 tragoediarumque
1126 2223 1297 2278 exhibendis

328 2314 352 2357 15
562 2307 565 2317 '
727 2309 901 2363 fabulantur.

444 2430 663 2504 Leopoldus.
719 2430 796 2500 Scis,
839 2432 963 2501 Severe,
1003 2448 1082 2506 quae
1117 2433 1296 2507 spectacula

369 2525 418 2583 die
445 2526 590 2594 crastino,
624 2528 676 2600 qui
702 2527 751 2585 est
776 2526 902 2585 aleriis
928 2527 1134 2586 sacratissimi
1160 2527 1296 2603 corporis

367 2619 482 2678 Christi
503 2624 642 2689 octavus,
665 2622 714 2679 edi
736 2619 976 2681 consueverint?

445 2715 617 2774 Severus,
660 2715 717 2787 Qui
737 2717 806 2791 ipse
828 2717 907 2775 scire
928 2735 1063 2793 possem,
1086 2735 1157 2777 oum
1178 2718 1295 2792 superi·

327 2823 354 2865 20
368 2810 412 2868 ori
434 2827 517 2869 anno
538 2828 600 2869 non
621 2808 793 2870 adfuerim?

444 2905 663 2981 Leopoldus.
705 2906 746 2965 At
767 2906 895 2966 audisse
915 2924 953 2965 ex
973 2908 1042 2966 aliis
1063 2909 1197 2983 poteras.

442 2999 614 3059 Severus.
667 3000 752 3072 Quae
783 3002 823 3060 ad
857 3019 906 3062 me
940 3020 1051 3078 parum
1082 3004 1224 3070 attinent,
1259 3019 1296 3061 ea

364 3111 426 3153 non
447 3112 638 3171 magnopere
658 3096 742 3155 soleo
764 3099 935 3170 exquirere.
972 3097 1033 3157 Sed
1054 3098 1111 3166 dio,
1134 3113 1202 3156 oro:
1222 3097 1296 3170 quid

352 3185 491 3247 'tandem
512 3192 569 3257 est,
591 3191 673 3264 quod
693 3187 811 3249 iactas?

332 3297 394 3352 [1111]
445 3284 661 3359 Leopoldus.
697 3285 901 3360 Tragoediam
918 3303 966 3344 eo·
985 3285 989 3361 l
1007 3303 1077 3345 rum
1092 3287 1294 3353 cruciatuum,

365 3395 442 3451 quos
471 3396 527 3453 pro
557 3381 647 3438 nobis
678 3380 749 3439 tulit
779 3384 921 3440 servator
942 3381 1093 3449 Christus
1125 3381 1294 3440 histriones

365 3477 473 3547 agent3
488 3477 564 3533 sunt
585 3477 667 3534 enim
689 3476 807 3536 adhoc
828 3477 940 3535 delecti
961 3478 1086 3551 aliquot.

442 3568 615 3627 Severus,
656 3569 777 3641 Quaeso
799 3572 844 3627 te:
867 3572 1009 3629 omnibus
1031 3573 1125 3630 etiam
1147 3572 1294 3630 adhibitis

364 3661 527 3737 personis?

323 3771 350 3813 ao
442 3757 661 3833 Leopoldus
704 3758 854 3817 Omnibus
876 3762 1009 3818 omnino.

443 3853 617 3913 Severus.
658 3854 728 3929 Ipse
748 3856 780 3912 in
801 3854 862 3913 hac
876 3856 982 3914 fabula
995 3856 1120 3915 mallem
1135 3857 1294 3915 durissimi

363 3948 470 4005 militis
496 3951 550 4008 aut
575 3950 733 4022 carnificis
754 3967 922 4025 personam
942 3968 1052 4026 gerere
1079 3968 1172 4025 quam
1193 3952 1293 4027 ipsius
