3234 4617
597 504 799 556 MOSELLANVS,
813 505 1013 550 Pnssboiooln.

579 700 581 703 ·
624 683 852 753 DIALOGVS
875 688 983 754 XVII.

627 817 762 895 Petrus
783 838 820 895 et
840 836 986 896 Paulus

340 973 477 1027 Graviter
495 972 593 1026 ferunt
620 972 797 1027 desiderium
820 973 958 1027 feriarum
987 972 1081 1043 deque
1108 976 1206 1044 eapite
1231 974 1271 1027 la-

700 1059 797 1113 vando
810 1067 911 1131 agunt.
942 1103 945 1108 .

339 1205 352 1246 5
443 1183 591 1248 Petrus.
633 1189 732 1261 Quam
752 1192 866 1251 vellem
895 1192 979 1252 hunc
998 1194 1086 1252 'diem
1107 1192 1232 1262 abiisse,
1262 1195 1298 1251 ut

352 1302 385 1344 a
406 1287 452 1344 tot
473 1285 569 1343 totius
591 1286 787 1360 septimanae
807 1287 967 1347 laboribus
989 1291 1083 1363 atque
1105 1289 1199 1348 etiam
1213 1288 1298 1347 bidui

365 1380 449 1439 fame
471 1380 510 1439 ad
530 1381 625 1439 ferias
647 1381 772 1440 demum
794 1384 826 1441 et
847 1400 958 1442 carnes
978 1384 1071 1443 liceat
1091 1382 1205 1444 redire!

442 1475 588 1535 Paulus,
628 1475 798 1550 Impatiens
830 1492 864 1534 es
896 1492 1009 1544 morae,
1041 1476 1084 1534 mi
1106 1475 1202 1544 Petro,
1235 1476 1297 1551 qui,

367 1588 437 1629 cum
471 1572 569 1630 totam
602 1588 703 1654 paene
737 1561 945 1647 septimanam
980 1570 1180 1647 exspectaris,
1217 1571 1300 1631 diem

328 1680 352 1722 ro
367 1666 561 1747 dimidiatum
582 1666 695 1726 durare
716 1684 778 1725 non
799 1670 899 1743 potes
942 1666 1021 1738 Quid
1055 1670 1160 1726 autem
1189 1666 1298 1736 iacies,

366 1761 419 1820 ubi
440 1761 514 1819 totis
536 1762 743 1838 quadraginta
773 1747 883 1822 diebus
905 1779 925 1821 a
945 1762 1092 1821 carnibus
1122 1763 1171 1819 est
1202 1762 1298 1821 absti-

366 1852 524 1915 nendum?

445 1951 598 2035 Petrus„
629 1951 725 2011 Recte
760 1952 887 2026 quidem
918 1952 1073 2027 obiurgas,
1106 1950 1162 2009 sed
1192 1952 1299 2010 nescio

366 2047 519 2121 quomodo
540 2049 656 2121 quanto
677 2047 844 2107 viciniores
866 2049 941 2106 sunt
960 2046 1065 2111 feriae,
1088 2048 1175 2105 tanto
1197 2048 1299 2122 magis

331 2157 477 2200 mearum
499 2158 548 2201 me
576 2143 690 2217 premit
714 2142 911 2201 desiderium.
959 2142 1021 2203 Sed
1045 2141 1186 2217 nunquid
1216 2142 1301 2201 aliud

367 2238 470 2295 dicere
490 2234 558 2298 vis?
593 2237 672 2297 Nam
704 2238 862 2314 egobino
888 2254 937 2296 me
964 2238 997 2295 in
1018 2237 1207 2295 tonstrinam
1228 2255 1300 2297 con·

366 2331 467 2391 feram
489 2334 584 2407 caput
604 2332 720 2392 lotione
742 2336 919 2392 curaturus.

444 2427 595 2486 Paulus.
636 2427 674 2486 Et
702 2428 771 2504 ipse
792 2427 961 2486 lavandum
992 2427 1087 2501 caput
1112 2427 1300 2496 exhiberem,

330 2600 332 2603 .
367 2523 395 2580 si
428 2522 553 2581 lotionis
587 2525 764 2582 mercedem
798 2522 918 2581 tonsori
949 2523 1134 2597 persolvere
1164 2538 1302 2596 possem3

327 2630 354 2673 20
367 2633 451 2675 nunc
472 2618 578 2676 autem
599 2619 722 2676 tantum
743 2617 842 2676 habeo
864 2634 1036 2675 nummum.

445 2710 588 2770 Petrus
632 2711 688 2771 Sat
708 2714 765 2783 est,
787 2728 847 2770 nec
869 2711 938 2786 ipse
958 2712 1057 2787 pluris
1072 2712 1152 2779 lavo,
1174 2712 1302 2771 tametsi

367 2823 437 2865 raro
458 2806 516 2878 hos
536 2806 617 2866 facio
638 2810 798 2883 sumptus:
832 2825 906 2867 nam
934 2824 991 2883 per
1017 2808 1091 2866 anni
1113 2805 1303 2865 curriculum

366 2902 418 2960 vix
439 2902 542 2961 sexies
562 2902 641 2961 lavo.

444 2996 591 3057 Paulus.
623 2998 674 3081 nt
689 3014 784 3081 saepe
799 3000 894 3073 caput
909 3016 927 3057 a
941 2999 1085 3057 sordibus
1097 3013 1302 3073 repurgares3

329 3097 392 3152 {Clbl
420 3093 509 3174 aiunt
523 3092 606 3150 enim
624 3091 628 3169 i
647 3093 785 3167 corporis
801 3077 1021 3151 emundatione
1036 3094 1066 3150 et
1080 3093 1242 3169 ingenium
1257 3093 1302 3152 ni·

369 3188 463 3246 tidius
484 3188 636 3263 quasique
658 3188 823 3264 purgatius
844 3188 940 3246 reddi.
987 3174 989 3179 ¹

446 3282 589 3341 Petrus
641 3283 692 3342 Sic
723 3284 848 3358 quidem
879 3283 980 3342 fertur
1009 3284 1103 3357 idque
1124 3285 1302 3358 propterea,

369 3379 450 3451 quod
482 3378 684 3437 scientiarum
705 3380 813 3438 sedem
844 3380 1009 3453 incapite,
1041 3379 1149 3453 utpote
1170 3378 1302 3461 rationis

369 3473 531 3543 domicilio,
554 3474 716 3534 collocant.
743 3474 845 3547 Quare
866 3475 953 3533 ocius
974 3490 1091 3533 eamus.

328 3582 355 3624 oo
445 3566 590 3627 Paulus.
633 3569 760 3641 Quando
781 3570 876 3628 lubet.
