3234 4617
353 488 388 546 18
462 522 464 527 .
639 484 842 535 MOSELLANVS,
856 485 1055 529 PnEnoLoom.

403 672 598 739 contendam,
619 671 655 730 ut
676 670 703 729 si
723 686 786 729 non
807 670 840 728 in
861 670 979 745 primis,
1001 669 1149 729 secundis
1170 668 1284 728 saltem
1305 673 1338 728 et

401 766 502 825 tertiis
523 765 638 841 stipem
657 764 818 839 accipiam.

479 860 703 936 Stephanus,
745 859 807 918 Sed
828 876 878 919 me
899 860 952 918 vix
972 861 1161 920 antevertes.

477 954 714 1014 Laurentius.
754 953 815 1013 Res
837 955 908 1029 ipsa
927 954 1085 1014 indicabit.

372 1440 385 1482 5
684 1422 912 1488 DIALOGVS
935 1422 995 1489 XI.

614 1561 788 1621 Clemens
810 1565 846 1621 et
866 1562 1067 1638 Remigius.

347 1682 391 1736 De
410 1682 457 1736 die
477 1681 593 1736 aleriis
611 1682 746 1745 secunde,
767 1699 853 1752 quem
865 1682 968 1736 Martis
978 1688 1092 1745 vocent,
1102 1682 1333 1738 confabulantur.

476 1813 658 1873 Clemens.
699 1813 764 1873 Vae
789 1815 889 1884 nobis,
915 1816 956 1872 mi
978 1813 1111 1891 Remigi:
1136 1815 1218 1874 ultra
1242 1832 1332 1890 prae·

397 1911 548 1984 scriptum
569 1907 784 1967 dormivimus!
821 1909 889 1968 Iam
910 1912 993 1969 enim
1015 1910 1062 1969 sol
1081 1911 1219 1985 undique
1239 1911 1335 1985 plena

359 2019 383 2061 ro
396 2005 465 2063 luce
496 2004 684 2078 resplendet,
715 2008 750 2062 ut
774 2006 928 2079 septimae
952 2004 1048 2064 horae
1073 2007 1199 2081 signum
1226 2007 1333 2065 datum

395 2099 488 2158 liceat
509 2101 659 2159 conicere.

473 2194 675 2270 Remigius.
711 2194 789 2263 Non,
811 2197 929 2270 opinor,
947 2196 1065 2254 caelum
1080 2195 1194 2271 alioqui
1208 2201 1334 2271 praeter

395 2306 513 2348 morem
525 2292 573 2348 est
584 2305 739 2357 serenum,
752 2291 873 2348 etiamsi
885 2290 962 2348 alias
973 2290 1033 2349 hoc
1044 2291 1093 2350 die
1104 2292 1333 2352 somnulentiae

395 2402 484 2443 meae
505 2401 624 2459 poenas
645 2401 706 2442 000
728 2401 798 2443 0000
821 2386 899 2443 dedi.

358 2494 381 2536 15
474 2477 657 2537 Clemens.
699 2478 873 2553 Vtcumque
899 2481 948 2549 sit,
980 2481 1061 2539 male
1086 2483 1189 2541 metuo
1217 2482 1333 2542 mihia

394 2573 509 2645 ferula;
520 2590 617 2647 quare
631 2575 828 2633 occasionem
844 2576 987 2648 aliquam,
1004 2593 1066 2651 qua
1077 2576 1169 2636 hodie
1183 2594 1200 2636 0
1215 2578 1331 2637 scholis

394 2685 542 2728 emanere
562 2669 663 2737 liccat,
686 2686 844 2742 quaeram.

471 2764 670 2839 Remigius.
713 2761 921 2834 Quameam‘l

473 2858 651 2918 Clemens.
694 2857 771 2927 Scis,
798 2861 871 2933 quid
896 2877 915 2917 a
940 2862 1029 2919 nobis
1049 2860 1116 2918 heri
1139 2863 1333 2921 contenderit

354 2956 471 3013 achera
491 2950 618 3013 nostra?

469 3037 668 3124 Remigius.
710 3048 790 3117 Scio,
817 3066 930 3124 nempe
957 3053 993 3107 ut
1012 3048 1163 3109 familiam
1184 3050 1330 3111 haurien-

392 3144 440 3203 dis
462 3145 551 3218 aquis
572 3146 723 3203 iuvemus.
776 3144 839 3202 Sed
860 3145 933 3219 quid
953 3141 1037 3203 tum‘l

471 3237 651 3298 Clemens
707 3239 791 3297 Haec
823 3241 881 3298 erit
906 3240 984 3298 rima
1009 3242 1087 3299 satis
1122 3242 1242 3310 idonea,
1274 3260 1332 3317 per

353 3348 379 3391 25
394 3352 487 3409 quam
507 3335 680 3406 elabamur3
709 3336 912 3409 quamobrem
931 3339 1019 3394 tuum
1040 3338 1105 3405 erit,
1127 3336 1180 3395 ubi
1199 3339 1332 3399 octavae

353 3435 413 3488 [3501
445 3432 571 3505 signum
586 3431 726 3489 auditum
739 3429 841 3498 fuerit,
859 3432 947 3504 quasi
962 3448 979 3489 e
994 3432 1104 3489 mediis
1135 3430 1139 3506 1
1170 3431 1330 3493 laboribus

383 3526 424 3583 in
457 3525 706 3599 ludumingredi
727 3528 821 3598 atque
842 3543 861 3584 0
881 3527 1137 3601 praeceptoribus
1164 3531 1330 3588 emanendi

393 3622 512 3695 copiam
526 3637 657 3694 poscere
670 3619 729 3679 hac
743 3621 821 3694 ipsa,
844 3638 937 3695 quam
953 3623 1022 3692 dixi,
1046 3639 1141 3680 causa
1155 3625 1330 3699 assignata.

469 3714 668 3791 Remigius.
716 3715 841 3784 Vereor,
876 3721 911 3775 ut
934 3718 1082 3791 procedat
1109 3720 1331 3790 commentum,

351 3824 378 3867 eo
392 3811 641 3884 quandoquidem
667 3811 725 3869 hoc
751 3812 808 3880 die,
843 3829 902 3886 quo
928 3811 1023 3872 iunus
1049 3812 1252 3889 magnificum
1281 3819 1333 3875 est

387 3907 605 3965 deducendum
628 3909 658 3966 et
683 3905 822 3966 defuncti
845 3908 990 3967 manibus
1016 3909 1254 3983 parentandum,
1277 3913 1330 3969 vix
