3234 4617
633 521 782 566 Dtnmovs
795 521 924 566 xlx—XXI.
1234 525 1270 583 27

324 705 328 712 '
414 707 554 766 flletus.
608 705 633 765 E
664 707 788 765 diverso
820 723 914 781 quam
944 724 1001 766 nos
1032 707 1183 778 infelices,
1217 710 1269 784 qui

338 802 443 861 miseri
473 801 569 860 nullis
590 800 733 876 pellibus,
764 801 859 860 immo
890 802 984 860 nullis
1005 819 1106 877 paene
1126 804 1269 863 vestibus

300 901 361 957 {Cibi
388 897 556 955 adversum
582 894 709 970 frigoris
739 897 886 955 iniuriam
904 896 908 972 l
926 898 1039 957 armati
1063 915 1120 973 per
1149 899 1269 958 medios

336 992 461 1061 imbres,
482 992 573 1049 nives
594 995 626 1049 et
645 991 780 1066 glaciem
805 992 945 1050 ostiatim
978 1009 1129 1066 quaerere
1153 995 1271 1053 victum

312 1084 492 1163 scogimur!
534 1085 596 1145 Sed
617 1086 737 1145 solatur
757 1104 807 1146 me
827 1087 904 1147 illud
924 1086 1039 1147 Flacci:

415 1200 472 1273 Qui
493 1202 579 1276 cupit
599 1204 738 1276 optatam
759 1219 854 1261 cursu
875 1204 1056 1279 contingere
1076 1209 1201 1275 metam,

412 1298 511 1357 Multa
531 1298 603 1356 tulit
621 1297 757 1371 fecitque
778 1314 865 1372 puer,
886 1299 1013 1357 sudavit
1033 1301 1065 1358 et
1085 1299 1165 1369 alsit,

413 1392 573 1452 Abstinuit
592 1392 714 1451 Venere
735 1394 766 1451 et
780 1392 911 1462 Baccho,
924 1394 977 1467 qui
992 1393 1104 1469 Pythia
1125 1398 1248 1456 cantat.
1263 1446 1268 1455 .

336 1488 468 1563 Alioqui,
490 1488 518 1546 si
539 1487 650 1546 similis
672 1489 757 1546 esset
772 1488 874 1546 exitus
888 1488 1011 1548 illorum
1026 1491 1059 1549 et
1072 1494 1191 1560 noster,
1206 1509 1269 1552 non

299 1589 431 1651 roeseet,
463 1599 519 1641 cur
550 1599 611 1641 uon
642 1582 790 1640 iniurium
812 1581 912 1641 Deum
945 1584 1089 1652 dicerem,
1121 1586 1174 1661 qui
1205 1589 1269 1646 tam

335 1679 443 1752 inique
464 1694 515 1737 res
536 1678 694 1736 humanas
716 1678 958 1736 administraret.

414 1772 650 1849 Hippolytus
683 1770 762 1843 Quin
784 1770 886 1831 taces!
918 1772 964 1832 Ne
987 1774 1061 1847 quid
1080 1774 1215 1834 ferocius
1236 1777 1267 1835 io

335 1867 437 1927 Deum
457 1865 599 1927 effutias!

604 2306 832 2373 DIALOGVS
855 2307 949 2373 XXI.

298 2460 323 2503 15
573 2445 748 2505 Lucanus
770 2450 806 2506 et
827 2446 983 2506 Statius.

388 2575 432 2629 De
450 2574 531 2629 feriis
550 2574 610 2628 divi
628 2575 742 2629 Nicolai
761 2575 857 2646 deque
876 2575 1001 2631 creando
1021 2578 1166 2646 episcopo.

413 2704 567 2764 Statius.
603 2704 682 2777 Quid
697 2708 730 2764 tu
745 2707 834 2764 nobis
850 2706 955 2765 adfers
970 2707 1051 2773 novi,
1066 2708 1108 2765 mi
1123 2705 1262 2765 Lucane?

412 2800 592 2859 Lucanus.
635 2800 728 2869 Nihil,
760 2802 818 2860 sed
847 2802 879 2859 in
908 2802 967 2860 hoc
988 2803 1020 2861 te
1041 2802 1201 2867 convenio,
1233 2808 1269 2859 ut

334 2896 373 2955 de
395 2896 611 2955 communibus
632 2897 745 2955 studiis
770 2896 960 2955 fabulemur:

293 3004 321 3047 ao
412 2990 568 3049 Statius
611 2990 725 3050 Gratus
746 3008 821 3067 ergo
842 2990 918 3049 mihi
940 2995 1013 3050 tuus
1034 2994 1084 3050 est
1098 2992 1267 3062 adventus;

334 3085 442 3144 adside
463 3086 525 3143 huo
544 3086 644 3144 nobis,

410 3179 593 3238 Lucanus
625 3180 670 3239 lin
682 3180 818 3239 adsideo.
844 3180 921 3250 Scia,
937 3181 1011 3257 quid
1021 3182 1053 3240 in
1068 3182 1130 3240 divi
1146 3179 1266 3240 Nicolai

333 3275 420 3334 feriis
442 3276 525 3351 apud
547 3278 705 3334 nostrates
725 3274 795 3334 fieri
817 3276 935 3334 soleat?

412 3369 568 3429 Statius,
621 3369 677 3441 Qui
709 3370 777 3445 ipse
812 3387 939 3445 possem
974 3371 1064 3438 scire,
1100 3388 1172 3429 cum
1206 3371 1267 3429 illic

293 3479 320 3522 25
333 3464 447 3523 fuerim
468 3461 648 3538 nunquam?

411 3559 593 3618 Lucanus.
636 3558 745 3618 Dicam
765 3577 841 3636 ergo
862 3561 984 3635 paucis:
1006 3560 1058 3634 qui
1079 3561 1186 3618 ludum
1206 3559 1267 3618 illic

332 3656 517 3715 litterarium
538 3655 749 3729 frequentant,
776 3673 814 3714 ex
835 3655 1046 3730 ludimagistri
1073 3656 1267 3730 praescripto

333 3752 512 3826 quempiam
543 3768 559 3809 e
585 3767 641 3808 suo
666 3768 763 3827 grege
789 3752 972 3826 episcopum
998 3755 1107 3809 creant
1133 3767 1267 3825 eumque

332 3862 448 3921 magna
468 3862 584 3921 pompa
605 3846 731 3904 domum
752 3846 911 3905 deducunt
931 3848 963 3905 et
983 3847 1065 3905 stato
1081 3847 1222 3921 tempore
1235 3846 1267 3903 in

292 3954 321 3997 ao
335 3940 487 4015 templum
506 3942 670 4000 reducunt.
