3234 4617
611 497 760 541 oincoovs
778 497 974 540 xxm-xxxiv.
1245 502 1282 557 41

323 696 385 750 [1111]
430 680 642 756 Gregorius.
666 681 772 741 Omnis
791 682 795 757 1
813 684 940 757 generis
954 682 1051 741 flores
1066 684 1160 755 atque
1175 682 1282 740 adora·

353 778 458 835 menta
479 776 676 835 concinnant.

429 871 604 930 Basilius,
646 871 784 939 Faciant,
811 876 846 929 ut
866 871 966 944 lubet;
989 889 1046 947 ego
1072 872 1160 930 nihili
1181 874 1283 946 pendo

353 968 431 1049 istas
453 982 569 1040 nugas:
600 967 723 1025 tantum
745 967 843 1034 abest,
875 969 911 1025 ut
934 968 1034 1042 pretio
1058 983 1161 1025 emere
1181 967 1283 1025 velim.

328 1061 467 1132 eQuodsi
488 1062 623 1136 pecunia
641 1066 832 1136 superesset,
860 1078 991 1120 vernum
1013 1063 1159 1136 butyrum
1182 1078 1284 1121 6111616

352 1157 471 1227 111111111;
485 1157 545 1215 hoo
557 1157 640 1215 enim
652 1157 684 1214 in
697 1156 880 1215 alimentum
892 1157 1026 1225 cederet,
1040 1174 1110 1215 oum
1121 1158 1283 1225 sertorum,

353 1252 379 1309 si
402 1252 529 1310 odorem
550 1252 696 1325 excipias
719 1250 825 1309 nullus
846 1252 939 1326 plane
960 1252 1002 1310 sit
1022 1268 1109 1309 usus

595 1446 823 1513 DIALOGVS
847 1447 1007 1513 XXXIV.

574 1569 741 1645 Raphael
762 1572 797 1628 et
819 1570 1026 1629 Servatius.

316 1688 339 1730 10
507 1680 552 1735 De
571 1682 652 1735 feriis
671 1680 733 1734 divi
751 1680 862 1736 Vrbani
881 1680 1110 1736 confabulantur.

430 1785 606 1862 Raphacl.
652 1785 777 1844 Vtinam
809 1786 875 1844 alas
907 1786 983 1844 mihi
1014 1804 1138 1845 sumere
1168 1787 1284 1855 liceret,

352 1884 387 1940 ut
401 1882 474 1940 hinc
489 1882 615 1940 domum
630 1881 755 1940 avolare
769 1879 910 1956 possem!
946 1880 1068 1940 Etenim
1083 1882 1176 1940 nimis
1193 1899 1285 1957 quam

353 1977 444 2050 cupio
476 1976 647 2034 crastinum
678 1977 760 2035 diem
790 1976 823 2033 in
844 1976 946 2050 patria
967 1976 1156 2051 transigere:
1190 1993 1283 2050 quam

352 2070 536 2135 facultatem
557 2088 672 2146 magno
694 2088 798 2130 emere
819 2088 882 2129 non
903 2088 1090 2129 recusarem.

316 2180 340 2222 15
433 2165 639 2225 Servatius.
681 2166 759 2237 Quid
779 2166 830 2224 hio
852 2166 911 2224 sibi
931 2162 1017 2223 vult?
1048 2165 1146 2224 'Puto
1161 2165 1286 2223 homine

356 2263 449 2319 exuto
480 2262 512 2319 in
544 2262 702 2320 volucrem
733 2265 853 2319 mutam
879 2260 927 2317 vis
959 2257 1170 2335 degenerare?
1224 2261 1287 2318 Aut

354 2356 427 2432 quid
448 2356 520 2414 novi
542 2357 664 2425 accidit,
695 2358 777 2431 quod
803 2358 867 2415 tam
889 2356 1088 2431 repentinum
1114 2357 1203 2414 tuum
1228 2357 1287 2413 iter

353 2452 510 2527 postulet?

431 2546 608 2622 Raphael.
650 2544 773 2621 Rogas?
804 2546 916 2605 Nescis
943 2562 1012 2603 cras
1033 2545 1129 2604 ferias
1151 2546 1202 2621 agi
1224 2546 1286 2604 divi

314 2657 341 2699 20
354 2638 490 2700 Vrbani?

433 2736 641 2794 Servatius.
683 2734 775 2806 Novi;
797 2736 853 2794 sed
875 2736 948 2809 quid
969 2732 1055 2794 tum?

433 2830 608 2905 Raphael.
649 2830 739 2888 Hunc
771 2831 877 2889 divum
903 2831 1012 2889 codem
1043 2846 1143 2905 paene
1169 2830 1230 2887 ritu
1256 2832 1287 2887 et

354 2927 465 2984 iisdem
487 2926 692 2985 caeremoniis
714 2926 821 2983 colunt
841 2927 1008 2992 nostrates,
1036 2925 1148 2999 quibus
1171 2924 1287 2982 ethnici

356 3021 427 3079 olim
441 3019 610 3089 Bacchum,
632 3022 667 3079 ut
683 3037 763 3094 quae
778 3019 839 3077 illis
855 3022 944 3077 erant
958 3018 1175 3087 Bacchanalia,
1197 3018 1286 3076 nobis

315 3129 342 3172 25
355 3132 456 3190 paene
477 3116 541 3173 sint
562 3115 738 3174 Vrbanalia.

433 3210 640 3269 Servatius.
682 3211 723 3267 At
752 3209 784 3266 in
816 3226 908 3283 quem
938 3225 1032 3267 usum
1062 3208 1184 3266 iaciunt
1209 3209 1287 3267 haec

355 3302 545 3365 Christiani?

433 3400 609 3476 Raphael.
649 3399 766 3458 Putant
785 3400 845 3457 hoo
866 3399 937 3457 divo
959 3398 1005 3456 sic
1025 3398 1148 3472 placato
1164 3396 1287 3456 felicius

356 3497 520 3571 provenire
541 3513 629 3554 uvas

315 3605 343 3647 ao
435 3590 641 3650 Servatius.
683 3589 850 3647 Ostolidos
866 3589 1017 3656 homines
1041 3589 1093 3663 qui
1108 3590 1287 3646 sanctornm

357 3687 486 3745 numina
517 3685 653 3760 crapulis
684 3701 721 3743 ac
752 3683 1034 3757 compotationibus
1067 3683 1218 3742 demereri
1253 3698 1287 3739 se

357 3784 497 3850 credunt,
530 3798 600 3839 oum
620 3781 664 3839 illi
685 3780 876 3839 abstinentia
907 3780 938 3837 et
959 3779 1128 3838 sobrietate
1154 3777 1288 3852 principi

358 3876 423 3935 Deo
444 3877 627 3953 placuerint.
