3234 4617
618 479 768 524 DmLoovs
781 480 879 523 XXXVII
893 478 970 533 (1520).
987 532 988 535 Ἰ
1249 484 1286 543 49

354 665 498 724 omnibus
534 665 684 723 iudicium
719 664 932 738 consequaris
993 664 1058 723 Hoc
1099 665 1152 740 qui
1192 666 1286 736 caret,

354 759 473 818 frustra
492 777 527 818 se
548 760 665 833 aliquid
685 759 820 820 feliciter
841 760 962 819 discere
984 760 1131 835 sperabit.

432 854 691 929 Hieronymus.
725 854 766 912 At
780 855 813 913 in
828 855 981 913 eiusmodi
996 855 1111 914 scholis
1125 857 1287 929 receptum

354 950 454 1017 audio,
467 952 503 1007 ut
516 950 774 1008 scholasticorum
785 949 919 1023 quisque
933 951 1169 1023 praeceptorem
1180 966 1286 1024 quem·

326 1057 340 1099 5
353 1045 438 1118 piam
459 1045 518 1103 sibi
534 1044 659 1119 deligat,
682 1061 742 1118 quc
756 1044 953 1103 familiariter
966 1046 1074 1104 utatur
1087 1061 1150 1103 non
1165 1045 1287 1103 tantum

354 1140 394 1197 ad
414 1140 588 1198 litterarum
611 1141 724 1209 studia,
746 1140 804 1198 sed
825 1142 857 1199 et
875 1139 1056 1199 formandos
1076 1156 1190 1198 mores
1231 1139 1287 1198 Hic

354 1235 428 1308 quid
449 1235 524 1293 mihi
544 1235 725 1294 faciundum
747 1236 884 1294 suades?

432 1329 719 1405 ludimagister.
761 1330 840 1402 Quid
855 1331 939 1389 aliud
952 1348 1046 1405 quom
1059 1331 1103 1400 ut,
1119 1332 1288 1405 antequam

348 1426 386 1504 16
421 1425 514 1483 alicui
546 1427 579 1485 in
614 1426 811 1501 disciplinam
845 1427 950 1496 dedas,
992 1425 1123 1485 divitum
1156 1427 1288 1485 istorum

325 1534 384 1586 [rsa]
407 1520 533 1579 delicias
559 1522 699 1590 imiteris,
731 1522 783 1596 qui
810 1538 881 1580 cum
910 1521 1009 1580 multa
1026 1519 1030 1597 1
1048 1522 1113 1579 vini
1144 1522 1226 1580 dolia
1254 1522 1287 1579 in

356 1615 441 1673 cellis
463 1616 601 1675 habeant
621 1617 768 1691 reposita,
790 1633 853 1675 non
875 1617 982 1674 statim
1003 1633 1020 1675 e
1041 1617 1151 1690 quovis
1167 1617 1286 1685 bibunt,

355 1711 411 1768 sed
432 1711 616 1785 pytissando
638 1712 783 1770 omnibus
804 1728 843 1769 611
863 1712 971 1769 ordine
1002 1712 1178 1786 degustatis
1205 1713 1287 1786 quod

353 1805 571 1864 firmissimum
589 1806 685 1865 fuerit
712 1809 743 1865 et
774 1807 997 1865 suavissimum
1023 1806 1082 1864 hoc
1108 1806 1234 1865 demum
1255 1807 1287 1865 in

354 1900 451 1975 palati
482 1902 531 1959 sui
560 1918 654 1959 usum
684 1902 830 1960 relinunt.
877 1900 956 1972 Quin
987 1918 1061 1976 crgo
1089 1904 1121 1959 61
1151 1904 1185 1960 111
1216 1919 1288 1960 cum

316 2009 341 2051 15
356 2012 393 2053 ex
424 1995 492 2055 aliis
524 1997 696 2055 sciscitaris
732 1999 797 2055 tum
838 1997 953 2055 multos
985 1997 1114 2055 eximios
1146 1997 1287 2055 eiusdem

355 2090 560 2165 professionis
592 2093 735 2150 doctores
767 2092 921 2150 audiendo
952 2082 1095 2166 exploras
1126 2092 1203 2166 ipse,
1237 2092 1289 2149 cui

354 2187 553 2259 potissimum
573 2187 692 2261 ingenii
712 2187 757 2245 tui
778 2187 880 2245 solum
894 2187 1068 2245 rectissime
1083 2186 1290 2245 excolendum

355 2282 448 2340 loces
489 2281 626 2340 Tametsi
647 2284 722 2340 sunt
743 2282 774 2339 et
794 2281 874 2340 aliae
896 2281 1101 2351 coniecturae,
1123 2282 1235 2355 quibus
1254 2283 1289 2340 in

355 2379 414 2436 hcc
435 2379 480 2436 uti
494 2379 607 2453 possis,
628 2379 663 2436 ut
678 2379 706 2435 si
720 2379 770 2436 cui
786 2394 863 2436 suae
881 2377 1114 2436 lucubrationes
1130 2377 1287 2451 insignem

315 2486 342 2527 ao
355 2490 505 2548 peperere
525 2472 651 2542 famam,
681 2474 708 2531 si
729 2490 821 2547 quem
837 2474 1029 2532 eruditorum
1044 2473 1156 2531 calculi
1170 2473 1291 2547 aliquot

357 2569 498 2642 probent,
519 2570 547 2626 si
568 2569 618 2626 cui
639 2569 678 2626 ab
699 2568 768 2627 aliis
790 2569 931 2626 eiusdem
957 2568 1066 2627 Musae
1088 2568 1220 2627 aemulis
1241 2568 1288 2625 in·

356 2664 471 2738 signitc
496 2664 681 2732 invideatur,
713 2664 741 2722 si
766 2680 860 2737 quem
890 2663 941 2721 vel
965 2663 1114 2721 iudicium
1135 2663 1291 2738 principis

355 2760 405 2817 vel
435 2760 480 2818 rei
511 2758 655 2834 publicae
676 2775 851 2816 consensus
884 2776 903 2817 a
927 2761 1108 2833 contemptu
1138 2759 1285 2827 vindicet,

356 2854 383 2910 si
405 2854 454 2911 cui
475 2870 591 2928 magna
611 2855 653 2912 sit
672 2853 915 2912 lectissimorum
937 2855 1086 2912 iuvenum
1100 2854 1286 2929 frequentia,

315 2962 341 3004 25
355 2949 383 3006 si
404 2949 457 3022 qui
478 2949 648 3024 discipulos
669 2948 787 3023 aliquot
818 2950 944 3023 egregie
976 2951 1083 3008 doctos
1108 2949 1287 3018 reddiderit,

355 3044 489 3117 denique
514 3045 542 3101 si
568 3045 621 3117 qui
645 3043 842 3118 Pythagorae
873 3045 1013 3119 exemplo
1039 3062 1102 3102 non
1133 3060 1288 3118 quemque

357 3140 464 3196 statim
494 3139 526 3195 in
547 3138 744 3212 disciplinam
775 3155 864 3197 suam
885 3140 1016 3213 recipiat
1046 3140 1077 3197 et
1108 3140 1176 3196 aliis
1197 3139 1289 3212 plura

356 3250 393 3289 ao
414 3232 543 3290 meliora
563 3231 661 3306 pluris
683 3248 805 3306 quoque
828 3234 946 3291 doceat.
988 3231 1070 3292 Cave
1096 3235 1178 3292 enim
1206 3251 1286 3292 com-

356 3327 463 3384 mittas
483 3326 524 3385 ad
544 3342 732 3399 quemquam
753 3328 785 3385 16
807 3327 924 3386 alliciat
945 3330 1091 3403 sumptus
1105 3329 1210 3387 vilitas
1232 3331 1287 3388 aut

316 3437 376 3480 coa
396 3438 551 3495 quoquam
573 3422 730 3479 deterreat
750 3422 911 3496 impensae
925 3424 1116 3497 magnitudo.
1159 3423 1286 3495 Quando

355 3516 422 3575 fere
436 3516 482 3585 iit,
497 3517 599 3590 utqui
614 3517 726 3575 docent
740 3533 837 3591 parvo
853 3534 959 3591 parva,
975 3520 1027 3592 qui
1042 3536 1155 3594 magno
1171 3536 1288 3594 magna

356 3628 480 3687 quoque
501 3612 641 3669 doceant.
683 3612 738 3669 His
768 3612 891 3670 indiciis
924 3614 951 3670 si
981 3614 1153 3687 prudenter
1177 3616 1285 3684 1116116,

355 3708 408 3765 vix
427 3723 564 3781 unquam
595 3707 650 3765 tibi
675 3708 815 3781 imponet
835 3707 1008 3781 quisquam.
1051 3709 1162 3767 Cetera
1183 3725 1285 3766 rerum

355 3818 442 3870 usuc,
465 3804 601 3876 optimus
623 3803 783 3877 magister,
806 3801 919 3861 aetatis
940 3820 1112 3878 progressu
1132 3804 1163 3861 16
1194 3802 1286 3861 focile

316 3912 342 3953 35
357 3897 505 3955 edocebit.

356 3998 402 4040 Lat.
416 3998 627 4044 litteraturdenirm.
654 3998 684 4040 18.
1097 4011 1113 4062 4
