<?xml version="1.0" encoding="UTF-8"?>
<!DOCTYPE html PUBLIC "-//W3C//DTD XHTML 1.0 Transitional//EN"
    "http://www.w3.org/TR/xhtml1/DTD/xhtml1-transitional.dtd">
<html xmlns="http://www.w3.org/1999/xhtml" xml:lang="en" lang="en">
 <head>
  <title>
</title>
<meta http-equiv="Content-Type" content="text/html;charset=utf-8" />
  <meta name='ocr-system' content='tesseract 3.04.00' />
  <meta name='ocr-capabilities' content='ocr_page ocr_carea ocr_par ocr_line ocrx_word'/>
</head>
<body>
  <div class='ocr_page' id='page_1' title='image "./petrvsmosellanv01schagoog_0072.png"; bbox 0 0 3234 4617; ppageno 0'>
   <div class='ocr_carea' id='block_1_1' title="bbox 594 521 1007 571">
    <p class='ocr_par' dir='ltr' id='par_1_1' title="bbox 594 521 1007 571">
     <span class='ocr_line' id='line_1_1' title="bbox 594 521 1007 571; baseline 0 -6"><span class='ocrx_word' id='word_1_1' title='bbox 594 522 796 571; x_wconf 79' lang='lat' dir='ltr'><strong>MOSELLANVS,</strong></span> <span class='ocrx_word' id='word_1_2' title='bbox 810 521 1007 566; x_wconf 78' lang='lat' dir='ltr'><strong>PAEDOLOGIA.</strong></span> 
     </span>
    </p>
   </div>
   <div class='ocr_carea' id='block_1_2' title="bbox 319 705 1296 1351">
    <p class='ocr_par' dir='ltr' id='par_1_2' title="bbox 319 705 1296 1351">
     <span class='ocr_line' id='line_1_2' title="bbox 361 705 1294 792; baseline -0.004 -25"><span class='ocrx_word' id='word_1_3' title='bbox 361 709 482 792; x_wconf 75' lang='lat' dir='ltr'><strong>attinet,</strong></span> <span class='ocrx_word' id='word_1_4' title='bbox 509 724 601 783; x_wconf 90' lang='lat' dir='ltr'><strong>spero</strong></span> <span class='ocrx_word' id='word_1_5' title='bbox 628 724 725 783; x_wconf 92' lang='lat' dir='ltr'><strong>prope</strong></span> <span class='ocrx_word' id='word_1_6' title='bbox 747 708 829 766; x_wconf 92' lang='lat' dir='ltr'><strong>diem</strong></span> <span class='ocrx_word' id='word_1_7' title='bbox 849 707 905 766; x_wconf 88' lang='lat' dir='ltr'><strong>tibi</strong></span> <span class='ocrx_word' id='word_1_8' title='bbox 925 707 1084 766; x_wconf 90' lang='lat' dir='ltr'><strong>meliorem</strong></span> <span class='ocrx_word' id='word_1_9' title='bbox 1104 705 1172 764; x_wconf 89' lang='lat' dir='ltr'><strong>fore</strong></span> <span class='ocrx_word' id='word_1_10' title='bbox 1193 706 1294 764; x_wconf 84' lang='lat' dir='ltr'><strong>eondi-</strong></span> 
     </span>
     <span class='ocr_line' id='line_1_3' title="bbox 319 800 1295 878; baseline -0.003 -17"><span class='ocrx_word' id='word_1_11' title='bbox 319 802 321 804; x_wconf 73' lang='grc'><strong><em>’</em></strong></span> <span class='ocrx_word' id='word_1_12' title='bbox 361 804 489 870; x_wconf 87' lang='lat' dir='ltr'><strong>cionem,</strong></span> <span class='ocrx_word' id='word_1_13' title='bbox 504 817 617 878; x_wconf 88' lang='lat' dir='ltr'><strong>nempe</strong></span> <span class='ocrx_word' id='word_1_14' title='bbox 627 804 663 861; x_wconf 91' lang='lat' dir='ltr'><strong>ut</strong></span> <span class='ocrx_word' id='word_1_15' title='bbox 674 802 757 877; x_wconf 89' lang='lat' dir='ltr'><strong>apud</strong></span> <span class='ocrx_word' id='word_1_16' title='bbox 768 803 868 862; x_wconf 90' lang='lat' dir='ltr'><strong>oivem</strong></span> <span class='ocrx_word' id='word_1_17' title='bbox 880 802 1065 876; x_wconf 80' lang='lat' dir='ltr'><strong>quempiam,</strong></span> <span class='ocrx_word' id='word_1_18' title='bbox 1086 801 1136 859; x_wconf 88' lang='lat' dir='ltr'><strong>oui</strong></span> <span class='ocrx_word' id='word_1_19' title='bbox 1154 800 1295 859; x_wconf 87' lang='lat' dir='ltr'><strong>nonnun-</strong></span> 
     </span>
     <span class='ocr_line' id='line_1_4' title="bbox 361 896 1295 971; baseline -0.002 -16"><span class='ocrx_word' id='word_1_20' title='bbox 361 914 454 971; x_wconf 84' lang='lat' dir='ltr'>quam</span> <span class='ocrx_word' id='word_1_21' title='bbox 474 898 638 965; x_wconf 77' lang='lat' dir='ltr'><strong>inservias</strong></span> <span class='ocrx_word' id='word_1_22' title='bbox 661 914 784 956; x_wconf 90' lang='lat' dir='ltr'><strong>omnem</strong></span> <span class='ocrx_word' id='word_1_23' title='bbox 798 896 1239 956; x_wconf 85' lang='lat' dir='ltr'><strong>studiorumoommoditatem</strong></span> <span class='ocrx_word' id='word_1_24' title='bbox 1253 896 1295 953; x_wconf 95' lang='lat' dir='ltr'><strong>sis</strong></span> 
     </span>
     <span class='ocr_line' id='line_1_5' title="bbox 360 992 533 1050; baseline -0.006 0"><span class='ocrx_word' id='word_1_25' title='bbox 360 992 533 1050; x_wconf 89' lang='lat' dir='ltr'><strong>habiturus.</strong></span> 
     </span>
     <span class='ocr_line' id='line_1_6' title="bbox 334 1083 1100 1147; baseline 0.003 -6"><span class='ocrx_word' id='word_1_26' title='bbox 334 1100 347 1141; x_wconf 87' lang='lat'>5</span> <span class='ocrx_word' id='word_1_27' title='bbox 439 1086 653 1147; x_wconf 75' lang='lat' dir='ltr'><strong>Cleanthes,</strong></span> <span class='ocrx_word' id='word_1_28' title='bbox 693 1086 819 1145; x_wconf 90' lang='lat' dir='ltr'><strong>Vtinam</strong></span> <span class='ocrx_word' id='word_1_29' title='bbox 840 1086 925 1144; x_wconf 89' lang='lat' dir='ltr'><strong>Deus</strong></span> <span class='ocrx_word' id='word_1_30' title='bbox 946 1086 990 1144; x_wconf 86' lang='lat' dir='ltr'><strong>ita</strong></span> <span class='ocrx_word' id='word_1_31' title='bbox 1010 1083 1100 1144; x_wconf 80' lang='lat' dir='ltr'><strong>faxit!</strong></span> 
     </span>
     <span class='ocr_line' id='line_1_7' title="bbox 436 1181 1296 1257; baseline -0.002 -17"><span class='ocrx_word' id='word_1_32' title='bbox 436 1182 632 1257; x_wconf 89' lang='lat' dir='ltr'><strong>Iosephus.</strong></span> <span class='ocrx_word' id='word_1_33' title='bbox 678 1181 782 1254; x_wconf 78' lang='lat' dir='ltr'><strong>Fexit3</strong></span> <span class='ocrx_word' id='word_1_34' title='bbox 813 1198 853 1240; x_wconf 95' lang='lat' dir='ltr'><strong>ne</strong></span> <span class='ocrx_word' id='word_1_35' title='bbox 884 1181 991 1239; x_wconf 87' lang='lat' dir='ltr'><strong>dubita</strong></span> <span class='ocrx_word' id='word_1_36' title='bbox 1022 1183 1052 1239; x_wconf 90' lang='lat' dir='ltr'><strong>ei</strong></span> <span class='ocrx_word' id='word_1_37' title='bbox 1083 1181 1116 1239; x_wconf 94' lang='lat' dir='ltr'><strong>in</strong></span> <span class='ocrx_word' id='word_1_38' title='bbox 1140 1181 1200 1239; x_wconf 89' lang='lat' dir='ltr'><strong>hoo</strong></span> <span class='ocrx_word' id='word_1_39' title='bbox 1227 1196 1296 1238; x_wconf 90' lang='lat' dir='ltr'><strong>mea</strong></span> 
     </span>
     <span class='ocr_line' id='line_1_8' title="bbox 361 1277 804 1351; baseline 0 -17"><span class='ocrx_word' id='word_1_40' title='bbox 361 1278 628 1351; x_wconf 80' lang='lat' dir='ltr'>commendatione</span> <span class='ocrx_word' id='word_1_41' title='bbox 648 1277 804 1336; x_wconf 78' lang='lat' dir='ltr'><strong>iurabere.</strong></span> 
     </span>
    </p>
   </div>
   <div class='ocr_carea' id='block_1_3' title="bbox 721 1488 876 1496">
    <p class='ocr_par' dir='ltr' id='par_1_3' title="bbox 721 1488 876 1496">
     <span class='ocr_line' id='line_1_9' title="bbox 721 1488 876 1496; baseline -0.006 -1"><span class='ocrx_word' id='word_1_42' title='bbox 721 1488 876 1496; x_wconf 56' lang='lat'><strong>*-</strong></span> 
     </span>
    </p>
   </div>
   <div class='ocr_carea' id='block_1_4' title="bbox 567 1679 1034 1911">
    <p class='ocr_par' dir='ltr' id='par_1_4' title="bbox 567 1679 1034 1911">
     <span class='ocr_line' id='line_1_10' title="bbox 641 1679 980 1747; baseline -0.009 -2"><span class='ocrx_word' id='word_1_43' title='bbox 641 1680 868 1747; x_wconf 88' lang='lat' dir='ltr'><strong>DIALOGVS</strong></span> <span class='ocrx_word' id='word_1_44' title='bbox 892 1679 980 1745; x_wconf 89' lang='lat' dir='ltr'>VIII.</span> 
     </span>
     <span class='ocr_line' id='line_1_11' title="bbox 567 1837 1034 1911; baseline -0.006 -14"><span class='ocrx_word' id='word_1_45' title='bbox 567 1839 735 1897; x_wconf 77' lang='lat' dir='ltr'><strong>Andreas</strong></span> <span class='ocrx_word' id='word_1_46' title='bbox 763 1856 803 1897; x_wconf 91' lang='lat' dir='ltr'><strong>ao</strong></span> <span class='ocrx_word' id='word_1_47' title='bbox 825 1837 1034 1911; x_wconf 90' lang='lat' dir='ltr'><strong>Philippus.</strong></span> 
     </span>
    </p>
   </div>
   <div class='ocr_carea' id='block_1_5' title="bbox 293 1966 1088 2036">
    <p class='ocr_par' dir='ltr' id='par_1_5' title="bbox 293 1966 1088 2036">
     <span class='ocr_line' id='line_1_12' title="bbox 293 1966 1088 2036; baseline 0.003 -20"><span class='ocrx_word' id='word_1_48' title='bbox 293 1974 300 1987; x_wconf 84' lang='lat'><strong>·</strong></span> <span class='ocrx_word' id='word_1_49' title='bbox 322 1975 346 2016; x_wconf 87' lang='lat'><strong>10</strong></span> <span class='ocrx_word' id='word_1_50' title='bbox 507 1968 552 2021; x_wconf 86' lang='lat' dir='ltr'><strong>De</strong></span> <span class='ocrx_word' id='word_1_51' title='bbox 570 1968 718 2021; x_wconf 86' lang='lat' dir='ltr'><strong>vindemia</strong></span> <span class='ocrx_word' id='word_1_52' title='bbox 736 1972 767 2020; x_wconf 86' lang='lat' dir='ltr'><strong>et</strong></span> <span class='ocrx_word' id='word_1_53' title='bbox 785 1968 909 2036; x_wconf 83' lang='lat' dir='ltr'><strong>aucupio</strong></span> <span class='ocrx_word' id='word_1_54' title='bbox 923 1966 1088 2036; x_wconf 88' lang='lat' dir='ltr'><strong>loquuntur.</strong></span> 
     </span>
    </p>
   </div>
   <div class='ocr_carea' id='block_1_6' title="bbox 317 2122 1295 4004">
    <p class='ocr_par' dir='ltr' id='par_1_6' title="bbox 317 2122 1295 4004">
     <span class='ocr_line' id='line_1_13' title="bbox 438 2122 1294 2198; baseline -0.001 -16"><span class='ocrx_word' id='word_1_55' title='bbox 438 2125 614 2182; x_wconf 81' lang='lat' dir='ltr'><strong>Andreas</strong></span> <span class='ocrx_word' id='word_1_56' title='bbox 648 2123 782 2192; x_wconf 87' lang='lat' dir='ltr'><strong>Vtinam,</strong></span> <span class='ocrx_word' id='word_1_57' title='bbox 804 2124 847 2182; x_wconf 93' lang='lat' dir='ltr'><strong>mi</strong></span> <span class='ocrx_word' id='word_1_58' title='bbox 861 2123 1011 2198; x_wconf 86' lang='lat' dir='ltr'><strong>Philippa,</strong></span> <span class='ocrx_word' id='word_1_59' title='bbox 1032 2123 1094 2182; x_wconf 91' lang='lat' dir='ltr'><strong>iam</strong></span> <span class='ocrx_word' id='word_1_60' title='bbox 1116 2122 1198 2180; x_wconf 91' lang='lat' dir='ltr'><strong>domi</strong></span> <span class='ocrx_word' id='word_1_61' title='bbox 1212 2123 1294 2197; x_wconf 92' lang='lat' dir='ltr'><strong>apud</strong></span> 
     </span>
     <span class='ocr_line' id='line_1_14' title="bbox 359 2217 707 2294; baseline -0.003 -16"><span class='ocrx_word' id='word_1_62' title='bbox 359 2220 506 2294; x_wconf 83' lang='lat' dir='ltr'><strong>parentes</strong></span> <span class='ocrx_word' id='word_1_63' title='bbox 528 2217 707 2293; x_wconf 78' lang='lat' dir='ltr'><strong>ageremus!</strong></span> 
     </span>
     <span class='ocr_line' id='line_1_15' title="bbox 436 2311 847 2389; baseline 0 -17"><span class='ocrx_word' id='word_1_64' title='bbox 436 2313 641 2389; x_wconf 89' lang='lat' dir='ltr'><strong>Philippus.</strong></span> <span class='ocrx_word' id='word_1_65' title='bbox 685 2313 762 2386; x_wconf 90' lang='lat' dir='ltr'><strong>Quid</strong></span> <span class='ocrx_word' id='word_1_66' title='bbox 782 2311 847 2373; x_wconf 74' lang='lat' dir='ltr'><strong>ita?</strong></span> 
     </span>
     <span class='ocr_line' id='line_1_16' title="bbox 437 2406 1294 2484; baseline -0.004 -17"><span class='ocrx_word' id='word_1_67' title='bbox 437 2409 613 2468; x_wconf 81' lang='lat' dir='ltr'><strong>Andreas</strong></span> <span class='ocrx_word' id='word_1_68' title='bbox 647 2409 771 2484; x_wconf 74' lang='lat' dir='ltr'><strong>Rogas?</strong></span> <span class='ocrx_word' id='word_1_69' title='bbox 798 2409 942 2468; x_wconf 90' lang='lat' dir='ltr'><strong>Imminet</strong></span> <span class='ocrx_word' id='word_1_70' title='bbox 951 2408 1013 2466; x_wconf 92' lang='lat' dir='ltr'><strong>iam</strong></span> <span class='ocrx_word' id='word_1_71' title='bbox 1027 2406 1203 2465; x_wconf 80' lang='lat' dir='ltr'><strong>VIndemiae</strong></span> <span class='ocrx_word' id='word_1_72' title='bbox 1218 2408 1294 2465; x_wconf 90' lang='lat' dir='ltr'><strong>tem·</strong></span> 
     </span>
     <span class='ocr_line' id='line_1_17' title="bbox 323 2502 1293 2579; baseline -0.002 -18"><span class='ocrx_word' id='word_1_73' title='bbox 323 2520 347 2561; x_wconf 81' lang='lat'><strong>15</strong></span> <span class='ocrx_word' id='word_1_74' title='bbox 362 2522 430 2579; x_wconf 81' lang='lat' dir='ltr'><strong>pus.</strong></span> <span class='ocrx_word' id='word_1_75' title='bbox 452 2522 513 2579; x_wconf 91' lang='lat' dir='ltr'><strong>quo</strong></span> <span class='ocrx_word' id='word_1_76' title='bbox 527 2506 647 2564; x_wconf 88' lang='lat' dir='ltr'><strong>nullum</strong></span> <span class='ocrx_word' id='word_1_77' title='bbox 662 2509 725 2563; x_wconf 87' lang='lat' dir='ltr'><strong>toto</strong></span> <span class='ocrx_word' id='word_1_78' title='bbox 740 2522 822 2563; x_wconf 92' lang='lat' dir='ltr'><strong>anno</strong></span> <span class='ocrx_word' id='word_1_79' title='bbox 838 2504 1030 2562; x_wconf 83' lang='lat' dir='ltr'><strong>nostratibus</strong></span> <span class='ocrx_word' id='word_1_80' title='bbox 1045 2502 1158 2560; x_wconf 83' lang='lat' dir='ltr'><strong>aooidit</strong></span> <span class='ocrx_word' id='word_1_81' title='bbox 1171 2502 1293 2561; x_wconf 79' lang='lat' dir='ltr'><strong>laetius</strong></span> 
     </span>
     <span class='ocr_line' id='line_1_18' title="bbox 438 2594 1293 2673; baseline -0.005 -16"><span class='ocrx_word' id='word_1_82' title='bbox 438 2599 642 2673; x_wconf 90' lang='lat' dir='ltr'><strong>Philippus.</strong></span> <span class='ocrx_word' id='word_1_83' title='bbox 684 2598 763 2670; x_wconf 85' lang='lat' dir='ltr'><strong>Quid</strong></span> <span class='ocrx_word' id='word_1_84' title='bbox 783 2615 841 2673; x_wconf 88' lang='lat' dir='ltr'><strong>ego</strong></span> <span class='ocrx_word' id='word_1_85' title='bbox 862 2594 972 2657; x_wconf 71' lang='lat' dir='ltr'><strong>audio?</strong></span> <span class='ocrx_word' id='word_1_86' title='bbox 994 2596 1080 2656; x_wconf 75' lang='lat' dir='ltr'><strong>Tune</strong></span> <span class='ocrx_word' id='word_1_87' title='bbox 1102 2596 1195 2654; x_wconf 89' lang='lat' dir='ltr'><strong>simul</strong></span> <span class='ocrx_word' id='word_1_88' title='bbox 1216 2596 1293 2654; x_wconf 88' lang='lat' dir='ltr'><strong>vini·</strong></span> 
     </span>
     <span class='ocr_line' id='line_1_19' title="bbox 359 2688 1077 2769; baseline -0.003 -18"><span class='ocrx_word' id='word_1_89' title='bbox 359 2702 458 2753; x_wconf 87' lang='lat' dir='ltr'><strong>torem</strong></span> <span class='ocrx_word' id='word_1_90' title='bbox 479 2694 526 2752; x_wconf 88' lang='lat' dir='ltr'><strong>vis</strong></span> <span class='ocrx_word' id='word_1_91' title='bbox 548 2710 643 2769; x_wconf 87' lang='lat' dir='ltr'><strong>agere</strong></span> <span class='ocrx_word' id='word_1_92' title='bbox 664 2697 695 2752; x_wconf 93' lang='lat' dir='ltr'><strong>et</strong></span> <span class='ocrx_word' id='word_1_93' title='bbox 714 2694 888 2753; x_wconf 86' lang='lat' dir='ltr'><strong>litterarum</strong></span> <span class='ocrx_word' id='word_1_94' title='bbox 910 2688 1077 2751; x_wconf 71' lang='lat' dir='ltr'><strong>cultorem?</strong></span> 
     </span>
     <span class='ocr_line' id='line_1_20' title="bbox 436 2788 1292 2859; baseline -0.006 -11"><span class='ocrx_word' id='word_1_95' title='bbox 436 2790 613 2848; x_wconf 75' lang='lat' dir='ltr'><strong>Andreas,</strong></span> <span class='ocrx_word' id='word_1_96' title='bbox 644 2789 748 2847; x_wconf 89' lang='lat' dir='ltr'><strong>Animi</strong></span> <span class='ocrx_word' id='word_1_97' title='bbox 770 2805 867 2847; x_wconf 84' lang='lat' dir='ltr'><strong>causa</strong></span> <span class='ocrx_word' id='word_1_98' title='bbox 887 2804 1028 2846; x_wconf 84' lang='lat' dir='ltr'><strong>racemos</strong></span> <span class='ocrx_word' id='word_1_99' title='bbox 1043 2788 1292 2859; x_wconf 82' lang='lat' dir='ltr'><strong>decerperemus,</strong></span> 
     </span>
     <span class='ocr_line' id='line_1_21' title="bbox 359 2881 1293 2959; baseline -0.005 -16"><span class='ocrx_word' id='word_1_100' title='bbox 359 2886 596 2959; x_wconf 84' lang='lat' dir='ltr'><strong>degustaremus</strong></span> <span class='ocrx_word' id='word_1_101' title='bbox 623 2901 639 2943; x_wconf 93' lang='lat' dir='ltr'><strong>e</strong></span> <span class='ocrx_word' id='word_1_102' title='bbox 665 2885 735 2942; x_wconf 89' lang='lat' dir='ltr'><strong>laou</strong></span> <span class='ocrx_word' id='word_1_103' title='bbox 761 2887 912 2954; x_wconf 90' lang='lat' dir='ltr'><strong>mustum;</strong></span> <span class='ocrx_word' id='word_1_104' title='bbox 943 2899 1044 2956; x_wconf 90' lang='lat' dir='ltr'><strong>neque</strong></span> <span class='ocrx_word' id='word_1_105' title='bbox 1069 2883 1152 2939; x_wconf 90' lang='lat' dir='ltr'><strong>enim</strong></span> <span class='ocrx_word' id='word_1_106' title='bbox 1178 2881 1293 2939; x_wconf 89' lang='lat' dir='ltr'><strong>diutius</strong></span> 
     </span>
     <span class='ocr_line' id='line_1_22' title="bbox 319 2976 1294 3054; baseline -0.003 -18"><span class='ocrx_word' id='word_1_107' title='bbox 319 2995 345 3036; x_wconf 88' lang='lat' dir='ltr'><strong>m</strong></span> <span class='ocrx_word' id='word_1_108' title='bbox 359 2981 470 3039; x_wconf 89' lang='lat' dir='ltr'><strong>abesse</strong></span> <span class='ocrx_word' id='word_1_109' title='bbox 501 2981 650 3053; x_wconf 84' lang='lat' dir='ltr'><strong>optarem,</strong></span> <span class='ocrx_word' id='word_1_110' title='bbox 682 2996 776 3054; x_wconf 89' lang='lat' dir='ltr'><strong>quam</strong></span> <span class='ocrx_word' id='word_1_111' title='bbox 807 2981 944 3037; x_wconf 89' lang='lat' dir='ltr'><strong>mustum</strong></span> <span class='ocrx_word' id='word_1_112' title='bbox 964 2980 996 3036; x_wconf 92' lang='lat' dir='ltr'><strong>in</strong></span> <span class='ocrx_word' id='word_1_113' title='bbox 1023 2977 1104 3036; x_wconf 88' lang='lat' dir='ltr'><strong>dolie</strong></span> <span class='ocrx_word' id='word_1_114' title='bbox 1135 2976 1294 3035; x_wconf 84' lang='lat' dir='ltr'><strong>conditum</strong></span> 
     </span>
     <span class='ocr_line' id='line_1_23' title="bbox 360 3074 1294 3149; baseline -0.003 -17"><span class='ocrx_word' id='word_1_115' title='bbox 360 3074 568 3133; x_wconf 83' lang='lat' dir='ltr'><strong>deferbuisset</strong></span> <span class='ocrx_word' id='word_1_116' title='bbox 588 3075 882 3149; x_wconf 88' lang='lat' dir='ltr'><strong>despumassetque;</strong></span> <span class='ocrx_word' id='word_1_117' title='bbox 903 3074 1034 3132; x_wconf 81' lang='lat' dir='ltr'><strong>adhaec</strong></span> <span class='ocrx_word' id='word_1_118' title='bbox 1049 3074 1294 3147; x_wconf 89' lang='lat' dir='ltr'><strong>deooqueremus</strong></span> 
     </span>
     <span class='ocr_line' id='line_1_24' title="bbox 359 3166 1294 3243; baseline -0.002 -16"><span class='ocrx_word' id='word_1_119' title='bbox 359 3187 476 3243; x_wconf 87' lang='lat' dir='ltr'><strong>sapam,</strong></span> <span class='ocrx_word' id='word_1_120' title='bbox 509 3170 663 3228; x_wconf 83' lang='lat' dir='ltr'><strong>defrutum</strong></span> <span class='ocrx_word' id='word_1_121' title='bbox 685 3186 721 3229; x_wconf 90' lang='lat' dir='ltr'><strong>ac</strong></span> <span class='ocrx_word' id='word_1_122' title='bbox 742 3171 806 3227; x_wconf 91' lang='lat' dir='ltr'><strong>vini</strong></span> <span class='ocrx_word' id='word_1_123' title='bbox 820 3171 934 3227; x_wconf 85' lang='lat' dir='ltr'><strong>veteris</strong></span> <span class='ocrx_word' id='word_1_124' title='bbox 958 3168 1088 3227; x_wconf 83' lang='lat' dir='ltr'><strong>faecem.</strong></span> <span class='ocrx_word' id='word_1_125' title='bbox 1120 3166 1198 3239; x_wconf 88' lang='lat' dir='ltr'><strong>Quid</strong></span> <span class='ocrx_word' id='word_1_126' title='bbox 1212 3168 1294 3241; x_wconf 91' lang='lat' dir='ltr'><strong>quod</strong></span> 
     </span>
     <span class='ocr_line' id='line_1_25' title="bbox 359 3264 1294 3340; baseline -0.003 -17"><span class='ocrx_word' id='word_1_127' title='bbox 359 3266 448 3324; x_wconf 92' lang='lat' dir='ltr'><strong>nobis</strong></span> <span class='ocrx_word' id='word_1_128' title='bbox 480 3266 586 3325; x_wconf 86' lang='lat' dir='ltr'><strong>liceret</strong></span> <span class='ocrx_word' id='word_1_129' title='bbox 616 3270 646 3323; x_wconf 94' lang='lat' dir='ltr'><strong>et</strong></span> <span class='ocrx_word' id='word_1_130' title='bbox 677 3267 808 3340; x_wconf 84' lang='lat' dir='ltr'><strong>auoupio</strong></span> <span class='ocrx_word' id='word_1_131' title='bbox 840 3265 1034 3338; x_wconf 88' lang='lat' dir='ltr'><strong>voluptatem</strong></span> <span class='ocrx_word' id='word_1_132' title='bbox 1062 3279 1221 3337; x_wconf 86' lang='lat' dir='ltr'><strong>quaerere,</strong></span> <span class='ocrx_word' id='word_1_133' title='bbox 1254 3264 1294 3321; x_wconf 93' lang='lat' dir='ltr'><strong>si-</strong></span> 
     </span>
     <span class='ocr_line' id='line_1_26' title="bbox 360 3357 1293 3434; baseline -0.001 -16"><span class='ocrx_word' id='word_1_134' title='bbox 360 3361 482 3434; x_wconf 90' lang='lat' dir='ltr'><strong>quidem</strong></span> <span class='ocrx_word' id='word_1_135' title='bbox 507 3362 650 3420; x_wconf 88' lang='lat' dir='ltr'><strong>voluores</strong></span> <span class='ocrx_word' id='word_1_136' title='bbox 677 3363 874 3434; x_wconf 82' lang='lat' dir='ltr'><strong>captaremus</strong></span> <span class='ocrx_word' id='word_1_137' title='bbox 899 3362 961 3417; x_wconf 87' lang='lat' dir='ltr'><strong>iam</strong></span> <span class='ocrx_word' id='word_1_138' title='bbox 982 3359 1099 3416; x_wconf 88' lang='lat' dir='ltr'><strong>retibus</strong></span> <span class='ocrx_word' id='word_1_139' title='bbox 1121 3357 1293 3432; x_wconf 84' lang='lat' dir='ltr'><strong>explicatis,</strong></span> 
     </span>
     <span class='ocr_line' id='line_1_27' title="bbox 319 3454 1295 3530; baseline -0.002 -18"><span class='ocrx_word' id='word_1_140' title='bbox 319 3470 345 3511; x_wconf 80' lang='lat'><strong>25</strong></span> <span class='ocrx_word' id='word_1_141' title='bbox 359 3458 420 3513; x_wconf 87' lang='lat' dir='ltr'><strong>iam</strong></span> <span class='ocrx_word' id='word_1_142' title='bbox 450 3456 568 3530; x_wconf 82' lang='lat' dir='ltr'><strong>pedicis</strong></span> <span class='ocrx_word' id='word_1_143' title='bbox 597 3455 678 3523; x_wconf 72' lang='lat' dir='ltr'><strong>fixis</strong></span> <span class='ocrx_word' id='word_1_144' title='bbox 710 3472 933 3528; x_wconf 87' lang='lat' dir='ltr'><strong>nonnunquam</strong></span> <span class='ocrx_word' id='word_1_145' title='bbox 964 3470 1038 3512; x_wconf 88' lang='lat' dir='ltr'><strong>vero</strong></span> <span class='ocrx_word' id='word_1_146' title='bbox 1069 3458 1099 3511; x_wconf 92' lang='lat' dir='ltr'><strong>et</strong></span> <span class='ocrx_word' id='word_1_147' title='bbox 1125 3454 1295 3511; x_wconf 88' lang='lat' dir='ltr'><strong>viminibus</strong></span> 
     </span>
     <span class='ocr_line' id='line_1_28' title="bbox 360 3548 666 3609; baseline -0.007 -2"><span class='ocrx_word' id='word_1_148' title='bbox 360 3553 444 3608; x_wconf 87' lang='lat' dir='ltr'><strong>visco</strong></span> <span class='ocrx_word' id='word_1_149' title='bbox 464 3548 564 3609; x_wconf 84' lang='lat' dir='ltr'><strong>illitis!</strong></span> <span class='ocrx_word' id='word_1_150' title='bbox 664 3593 666 3597; x_wconf 13' lang='grc' dir='ltr'><em>Α</em></span> 
     </span>
     <span class='ocr_line' id='line_1_29' title="bbox 435 3643 1295 3720; baseline -0.002 -17"><span class='ocrx_word' id='word_1_151' title='bbox 435 3645 641 3720; x_wconf 89' lang='lat' dir='ltr'><strong>Philippus.</strong></span> <span class='ocrx_word' id='word_1_152' title='bbox 671 3643 757 3703; x_wconf 86' lang='lat' dir='ltr'><strong>Sine:</strong></span> <span class='ocrx_word' id='word_1_153' title='bbox 776 3646 926 3719; x_wconf 87' lang='lat' dir='ltr'><strong>parentes</strong></span> <span class='ocrx_word' id='word_1_154' title='bbox 941 3644 1052 3702; x_wconf 92' lang='lat' dir='ltr'><strong>harum</strong></span> <span class='ocrx_word' id='word_1_155' title='bbox 1066 3659 1171 3701; x_wconf 90' lang='lat' dir='ltr'><strong>rerum</strong></span> <span class='ocrx_word' id='word_1_156' title='bbox 1187 3659 1295 3701; x_wconf 84' lang='lat' dir='ltr'><strong>euram</strong></span> 
     </span>
     <span class='ocr_line' id='line_1_30' title="bbox 358 3737 1106 3814; baseline -0.004 -16"><span class='ocrx_word' id='word_1_157' title='bbox 358 3742 482 3814; x_wconf 79' lang='lat' dir='ltr'><strong>gerant3</strong></span> <span class='ocrx_word' id='word_1_158' title='bbox 504 3741 546 3798; x_wconf 88' lang='lat' dir='ltr'><strong>tu.</strong></span> <span class='ocrx_word' id='word_1_159' title='bbox 569 3741 596 3797; x_wconf 89' lang='lat' dir='ltr'><strong>si</strong></span> <span class='ocrx_word' id='word_1_160' title='bbox 618 3740 712 3813; x_wconf 80' lang='lat' dir='ltr'><strong>sepis,</strong></span> <span class='ocrx_word' id='word_1_161' title='bbox 734 3740 766 3796; x_wconf 94' lang='lat' dir='ltr'><strong>in</strong></span> <span class='ocrx_word' id='word_1_162' title='bbox 787 3739 897 3797; x_wconf 89' lang='lat' dir='ltr'><strong>litteris</strong></span> <span class='ocrx_word' id='word_1_163' title='bbox 919 3739 950 3797; x_wconf 89' lang='lat' dir='ltr'><strong>te</strong></span> <span class='ocrx_word' id='word_1_164' title='bbox 972 3737 1106 3797; x_wconf 85' lang='lat' dir='ltr'><strong>obieeta!</strong></span> 
     </span>
     <span class='ocr_line' id='line_1_31' title="bbox 436 3834 1294 3908; baseline 0 -16"><span class='ocrx_word' id='word_1_165' title='bbox 436 3835 615 3892; x_wconf 83' lang='lat' dir='ltr'><strong>Andreas.</strong></span> <span class='ocrx_word' id='word_1_166' title='bbox 656 3834 750 3908; x_wconf 85' lang='lat' dir='ltr'><strong>Atqui</strong></span> <span class='ocrx_word' id='word_1_167' title='bbox 775 3835 879 3891; x_wconf 89' lang='lat' dir='ltr'><strong>audivi</strong></span> <span class='ocrx_word' id='word_1_168' title='bbox 900 3850 1032 3908; x_wconf 86' lang='lat' dir='ltr'><strong>magnos</strong></span> <span class='ocrx_word' id='word_1_169' title='bbox 1053 3835 1137 3891; x_wconf 90' lang='lat' dir='ltr'><strong>viros</strong></span> <span class='ocrx_word' id='word_1_170' title='bbox 1158 3835 1190 3891; x_wconf 92' lang='lat' dir='ltr'><strong>in</strong></span> <span class='ocrx_word' id='word_1_171' title='bbox 1212 3835 1294 3892; x_wconf 91' lang='lat' dir='ltr'><strong>eius·</strong></span> 
     </span>
     <span class='ocr_line' id='line_1_32' title="bbox 317 3908 1184 4004; baseline 0.001 -19"><span class='ocrx_word' id='word_1_172' title='bbox 317 3944 344 3985; x_wconf 84' lang='lat' dir='ltr'><strong>eo</strong></span> <span class='ocrx_word' id='word_1_173' title='bbox 359 3931 439 3987; x_wconf 94' lang='lat' dir='ltr'><strong>modi</strong></span> <span class='ocrx_word' id='word_1_174' title='bbox 462 3930 586 3987; x_wconf 80' lang='lat' dir='ltr'><strong>rusticis</strong></span> <span class='ocrx_word' id='word_1_175' title='bbox 608 3929 702 3987; x_wconf 89' lang='lat' dir='ltr'><strong>rebus</strong></span> <span class='ocrx_word' id='word_1_176' title='bbox 724 3908 961 3987; x_wconf 72' lang='lat' dir='ltr'><strong>oblectationem</strong></span> <span class='ocrx_word' id='word_1_177' title='bbox 983 3930 1184 4004; x_wconf 90' lang='lat' dir='ltr'><strong>quaesivisse.</strong></span> 
     </span>
    </p>
   </div>
   <div class='ocr_carea' id='block_1_7' title="bbox 0 0 1639 4617">
    <p class='ocr_par' dir='ltr' id='par_1_7' title="bbox 0 0 1639 4617">
     <span class='ocr_line' id='line_1_33' title="bbox 0 0 1639 4617; baseline 0 0"><span class='ocrx_word' id='word_1_178' title='bbox 0 0 1639 4617; x_wconf 95' lang='lat' dir='ltr'><strong> </strong></span> 
     </span>
    </p>
   </div>
  </div>
 </body>
</html>
