3234 4617
313 528 330 584 2
598 521 800 571 MOSELLANV&
815 520 1014 579 PAEDOLOGIA.

363 707 424 766 fert
445 703 596 781 gratiam?
630 706 753 780 Alioqui
773 723 835 780 qua
856 722 952 765 causa
970 706 1051 764 male
1065 706 1198 765 audiunt
1212 707 1294 781 apud

364 802 586 875 Quintilianum
617 803 649 859 et
674 801 748 859 item
775 801 907 860 Gellium
928 802 1098 885 ὀψιμαθεῖς,
1131 802 1192 859 nisi
1213 801 1294 876 quod

363 898 436 971 quia
450 914 469 955 a
489 897 615 963 teneris,
637 899 672 954 ut
686 897 781 964 aiunt,
802 896 982 971 unguiculis
1001 896 1126 971 optimis
1141 912 1204 954 non
1220 899 1295 955 sunt

363 988 503 1051 adsueti?
530 991 628 1050 Obvia
641 1007 783 1065 quaeque
797 992 829 1048 in
844 991 1024 1050 auctoribus
1047 991 1124 1049 citra
1138 991 1294 1050 delectum

336 1088 394 1145 5in
416 1104 508 1145 suum
528 1104 621 1145 usum
648 1088 846 1153 converrunt,
878 1088 914 1144 ut
940 1086 1032 1145 dictio
1058 1103 1166 1144 eorum
1191 1087 1293 1144 omnis

363 1200 424 1241 non
446 1183 572 1258 propria
593 1185 624 1240 et
645 1182 726 1240 domi
747 1198 824 1239 suae
845 1183 928 1248 nata,
959 1182 1024 1240 sed‘
1041 1198 1058 1239 e
1078 1181 1174 1240 variis
1196 1182 1293 1256 scrip·

362 1278 480 1337 toribus
501 1277 638 1335 ostiatim
660 1277 750 1352 quasi
770 1276 976 1336 mendicando
998 1278 1150 1351 congesta
1168 1276 1294 1335 delicati

362 1374 467 1432 iudicii
487 1372 665 1431 hominibus
687 1389 749 1430 non
769 1373 871 1446 possit
892 1389 953 1429 non
968 1373 1086 1446 putere.
1122 1370 1207 1430 Haec
1223 1389 1294 1430 cum

363 1472 397 1527 tu
430 1485 493 1527 non
527 1468 630 1526 minus
665 1470 755 1525 acute
787 1483 880 1540 quam
912 1466 1050 1540 graviter
1079 1468 1292 1541 perpenderes

325 1578 350 1620 ro
365 1557 504 1636 nihilque
529 1563 663 1621 haberes
689 1558 793 1637 potius
819 1577 911 1635 quam
937 1578 1114 1636 puerorum,
1146 1562 1199 1635 qui
1220 1563 1293 1621 tuae

362 1658 437 1717 fidei
458 1660 532 1716 sunt
553 1657 731 1723 concrediti,
757 1656 866 1714 rudem
889 1660 920 1714 et
941 1657 979 1714 ad
1000 1656 1104 1714 omnia
1124 1672 1292 1730 sequacem

362 1752 500 1811 animum
519 1752 558 1810 ad
572 1752 689 1826 optima
703 1768 845 1825 quaeque
859 1751 1039 1825 perducere,
1061 1768 1183 1809 mecum
1198 1752 1292 1827 egisti

362 1864 467 1922 saepe,
489 1849 524 1905 ut
534 1846 689 1920 loquendi
709 1846 861 1905 formulas
875 1846 1000 1919 aliquot,
1023 1846 1136 1920 quibus
1150 1861 1189 1905 ea
1203 1849 1291 1905 aetas

362 1944 407 2001 uti
427 1945 545 2017 posset.
569 1940 807 1999 conscriberem.
847 1940 917 2008 Diu,
943 1943 979 1998 ut
1000 1942 1092 2006 nosti,
1115 1958 1185 1999 sum
1210 1941 1290 2000 relu-

323 2051 348 2093 15
363 2039 474 2105 ctatus,
497 2037 611 2111 partim
626 2036 709 2110 quod
722 2036 790 2111 ipse
804 2036 1002 2111 gravioribus
1023 2038 1195 2111 occupatus
1209 2038 1291 2095 hanc

321 2146 382 2200 {aaa}
415 2149 541 2207 operam
569 2130 769 2189 utilissimam
795 2131 920 2205 quidem
945 2130 1039 2200 illam,
1059 2130 1063 2205 Ι
1081 2132 1137 2189 sed
1161 2132 1193 2190 in
1220 2149 1289 2207 spe·

361 2228 439 2285 ciem
460 2229 565 2285 tamen
586 2225 736 2284 humilem
757 2227 788 2283 et
807 2242 908 2299 paene
923 2226 1078 2285 sordidam
1094 2226 1290 2301 dedignarer,

361 2322 476 2396 partim
507 2322 598 2395 quod,
631 2320 704 2394 quia
733 2320 869 2378 inludis
892 2321 1042 2380 eiusmodi
1063 2322 1132 2395 ipse
1152 2338 1216 2380 non
1237 2324 1289 2381 ad·

360 2418 486 2475 modum
507 2432 610 2474 essem
631 2417 788 2482 versatus,
810 2415 863 2473 vix
882 2432 1010 2490 possem
1031 2432 1101 2475 eam
1116 2418 1206 2491 quasi
1221 2434 1289 2493 per-

320 2525 347 2567 ro
361 2528 471 2569 sonam
493 2528 563 2569 cum
584 2512 693 2569 decoro
715 2525 834 2585 gerere.
873 2510 1023 2569 Videbam
1044 2512 1127 2569 enim
1149 2512 1187 2570 ad
1209 2513 1290 2571 hanc

359 2606 499 2664 fabulam
515 2606 673 2680 agendam
694 2623 773 2682 opus
794 2606 862 2665 fore
883 2606 985 2665 denuo
1006 2623 1230 2681 repuerascere
1250 2612 1288 2667 et.

360 2705 395 2760 ut
417 2702 460 2759 ait
480 2701 619 2768 Flaccus
651 2701 758 2761 ludere
779 2719 837 2777 par
858 2703 967 2776 impar,
993 2702 1134 2775 equitare
1165 2702 1197 2761 in
1219 2703 1289 2763 har-

359 2798 477 2856 undine
502 2796 613 2870 longa.>
651 2796 711 2854 Sed
737 2815 807 2856 cum
833 2800 868 2856 tu
892 2797 1024 2872 rogandi
1048 2795 1146 2855 finem
1167 2797 1289 2858 faceres

359 2893 479 2951 nullum
503 2892 682 2966 pariterque
711 2895 750 2961 te,
776 2894 829 2967 qui
844 2893 950 2967 probe
971 2909 1138 2967 puerorum
1160 2910 1289 2953 sensum

319 3002 346 3045 25
360 2989 497 3053 calleres,
528 2986 556 3044 si
577 3003 644 3060 qua
665 2988 754 3046 nobis
785 2989 845 3046 hac
865 2993 955 3063 parte
976 2989 1132 3056 deessent,
1164 2990 1289 3065 supple·

361 3084 465 3141 turum
486 3084 693 3157 promitteres,
715 3082 800 3140 volui
821 3084 964 3156 quamvis
980 3084 1168 3141 calumniam
1183 3085 1290 3143 subire

358 3179 463 3252 potius
495 3194 588 3251 quam
614 3179 664 3236 vel
691 3178 746 3236 tibi
773 3178 872 3235 amico
898 3179 964 3235 turn
986 3179 1152 3237 sinceriter
1172 3182 1291 3239 amanti

359 3281 425 3331 tum
455 3274 627 3347 prudenter
656 3273 780 3349 roganti
811 3272 976 3346 quicquam
1008 3290 1124 3347 negare
1148 3275 1199 3332 vel
1220 3292 1289 3333 meo

358 3370 477 3443 pudore
491 3369 650 3442 publicum
664 3368 818 3443 pueritiae
833 3368 1028 3426 commodum
1049 3368 1165 3426 diutius
1190 3372 1289 3429 remo-

318 3477 346 3519 ec
359 3464 430 3521 rari.
477 3462 589 3521 Iamsi
611 3464 679 3537 quis
702 3466 758 3531 est,
784 3463 839 3537 ⁴qui
859 3463 1064 3521 vehementer
1092 3465 1182 3537 putet
1210 3465 1289 3525 indi-

358 3575 454 3632 gnum
476 3558 543 3626 has
575 3559 668 3616 sicuti
689 3560 790 3633 prima
820 3558 922 3616 fronte
947 3558 1101 3624 videntur,
1133 3575 1235 3633 nugas
1258 3561 1290 3617 in

359 3654 538 3711 chartarum
559 3654 728 3728 perniciem
749 3653 853 3721 scribi,
875 3654 902 3710 is
915 3653 998 3711 ‚mihi
1012 3654 1115 3711 virum
1128 3653 1291 3729 paulisper

359 3755 453 3806 exuat
478 3751 508 3807 et
532 3749 564 3806 in
590 3765 721 3823 puerum
742 3749 851 3807 redeat
872 3748 1050 3823 cogitetque
1070 3749 1133 3806 iarn
1153 3749 1290 3822 primum

359 3843 419 3900 sibi
431 3843 532 3901 Latini
547 3845 702 3902 sermonis
716 3861 809 3901 usum
823 3844 1015 3902 discendum.
1032 3843 1154 3911 Statim,
1169 3845 1288 3919 opinor.

318 3938 484 4007 revidebit,
521 3955 614 4013 quam
647 3938 739 3997 facile
766 3943 798 3997 et
826 3939 911 3998 nullo
942 3954 1043 4013 paene
1077 3940 1202 4013 negotio
1233 3958 1291 4015 por
