3234 4617
597 528 801 578 MOSELLANVS,
815 528 1014 573 puseolooul.

442 711 562 770 Vltus
604 713 645 770 At
665 713 735 770 istis
749 712 845 781 feriis
871 729 987 787 quaeso
1012 718 1051 782 te,
1074 714 1147 788 quid
1172 716 1298 774 tandem

364 804 488 883 agitur?

442 902 615 961 Severus.
670 901 748 973 Quia
790 903 818 960 is
853 902 944 960 divus
980 903 1100 971 studiis,
1153 907 1190 962 ut
1226 905 1297 971 dixi,

364 999 544 1074 praesidere
577 1000 712 1072 putatur,
748 997 845 1071 pueri,
882 997 934 1070 qui
970 1014 1059 1056 suam
1095 999 1232 1057 aetatem
1267 1001 1298 1058 in

337 1109 350 1150 5
363 1094 476 1152 litteris
491 1109 585 1167 agere
599 1091 717 1160 volunt,
738 1109 773 1151 eo
789 1093 839 1150 die
854 1092 886 1149 in
902 1092 984 1150 hanc
1003 1097 1142 1152 nostram
1156 1095 1299 1154 militiam

364 1188 491 1246 nomina
512 1188 588 1246 dant
609 1187 732 1254 faustis,
754 1190 789 1244 ut
810 1187 999 1255 ominamur,
1022 1189 1180 1263 auspiciis.

441 1282 563 1341 Vltus
604 1282 642 1340 ut
664 1282 786 1356 quando
809 1283 868 1341 hae
890 1285 983 1341 erunt
1002 1281 1119 1342 feriae?

442 1377 622 1436 Severus.
664 1376 730 1445 Die,
763 1378 844 1435 sicut
875 1378 993 1452 opinor,
1025 1378 1137 1436 abhinc
1168 1378 1298 1437 decimo.

443 1472 562 1530 Vltus.
605 1471 732 1542 Quando
753 1472 798 1530 lta
819 1472 942 1540 suades
975 1475 1007 1530 et
1036 1473 1104 1548 ipse
1135 1475 1211 1532 mihi
1242 1476 1299 1533 ori-

327 1583 351 1625 ro
366 1568 518 1626 cularium
539 1583 664 1625 sacrum
691 1567 748 1636 (sio
769 1568 852 1625 enirn
877 1570 992 1625 vocant
1012 1567 1154 1626 nonnulli
1174 1569 1300 1637 eruditi)

364 1679 523 1737 quaeram,
544 1662 576 1719 in
598 1663 687 1720 cuius
709 1662 815 1720 sinum
835 1678 905 1720 mea
926 1662 1038 1720 delicta
1059 1662 1230 1721 effundam.

442 1756 616 1816 Severus.
673 1755 706 1815 Si
732 1756 827 1823 lubet,
872 1773 943 1814 eum
974 1757 1145 1815 accedendi
1175 1758 1301 1817 dabitur

332 1868 397 1921 [nae]
415 1852 558 1920 facultas
578 1850 582 1927 1
601 1868 692 1925 quem
713 1853 782 1926 ipse
802 1852 865 1910 iam
884 1850 981 1909 semel
995 1854 1089 1925 atque
1103 1854 1218 1912 iterum
1233 1853 1299 1911 dili-

362 1950 490 2024 gentem
512 1963 582 2005 sum
604 1949 761 2021 expertus.
834 1961 836 1967 ·

326 2059 350 2100 15
442 2042 560 2100 Vltus.
611 2042 652 2099 At
683 2059 741 2117 ego
771 2041 897 2100 mallem
933 2042 1119 2101 oscitantem
1153 2040 1297 2116 aliquem,

364 2155 457 2213 quem
492 2154 554 2195 non
591 2154 705 2212 magno
736 2138 863 2212 negotio
894 2138 925 2194 in
962 2136 1080 2210 aliquot
1114 2137 1299 2195 criminibus

362 2234 472 2293 fallere
493 2248 628 2307 possem.
674 2255 676 2258 ·

441 2328 620 2387 Severus.
661 2328 701 2385 At
720 2327 779 2385 hoc
800 2343 863 2385 non
884 2331 933 2384 est
952 2325 1166 2385 Christianum
1190 2342 1295 2400 agere,

363 2426 420 2484 sed
432 2425 592 2500 vulpinam
604 2423 848 2482 fraudulentiam
861 2421 994 2481 referre:
1006 2438 1115 2480 verum
1127 2423 1160 2479 tu
1172 2422 1298 2479 videris,

728 2588 883 2595 ———-

623 2729 850 2796 DIALOGVS
874 2730 1003 2794 XXIX.

572 2870 773 2931 Marcellus
795 2874 831 2929 et
852 2870 1052 2928 Antonius.

442 3003 652 3063 Marcellus
695 3000 796 3068 Salve,
819 2999 945 3058 Antoni.

442 3100 633 3157 Antonius
676 3096 714 3154 ut
734 3102 777 3163 tu,
799 3096 842 3153 mi
863 3094 1017 3153 Marcelle.

443 3193 653 3253 Marcellus.
690 3191 766 3262 Quid
783 3195 840 3259 est,
856 3190 938 3263 quod
952 3190 996 3247 ita
1010 3184 1178 3246 discurris?
1201 3187 1298 3258 Quem

324 3304 350 3345 25
365 3286 509 3363 quaeris?

442 3383 636 3442 Antonius
678 3382 806 3453 Quaere,
840 3380 893 3453 qui
919 3395 1041 3437 mecum
1062 3394 1116 3435 rus
1138 3379 1188 3435 eat
1209 3376 1299 3434 mihi-

364 3496 424 3554 que
445 3481 477 3538 in
499 3477 734 3537 emendicandis
757 3493 794 3534 er
816 3491 901 3533 more
924 3475 990 3532 ovis
1013 3474 1054 3531 sit
1075 3472 1190 3530 socius.

442 3572 651 3632 Marcellus.
693 3572 734 3629 At
758 3570 837 3629 haec
860 3570 1052 3628 consuetudo
1073 3583 1172 3641 prava
1197 3568 1301 3624 estet

364 3670 494 3743 indigna
525 3686 570 3736 eo,
612 3667 664 3741 qui
698 3684 733 3725 se
767 3665 948 3724 liberalibus
988 3664 1100 3722 studiis
1136 3661 1296 3719 addixerit.

325 3764 443 3835 coQuid
475 3765 558 3822 enim
589 3762 734 3822 servilius
770 3777 864 3834 quam
895 3760 1003 3817 decem
1035 3774 1163 3815 ovorum
1197 3756 1299 3830 gratia

366 3861 536 3935 agrestium
558 3858 664 3917 caulas
686 3856 823 3914 ostiatim
844 3853 1043 3913 obambulare
1064 3858 1157 3925 atque
1172 3850 1299 3908 interim

367 3956 449 4013 domi
469 3955 637 4014 lectionum
656 3953 810 4010 iacturam
829 3945 953 4008 facere?
