3234 4617
630 492 954 537 nrmoovsxxm-xxv.
1247 500 1283 556 31

353 692 425 734 nam
455 678 488 736 et
517 679 624 752 peiora
653 678 703 737 his
734 679 822 752 passi
843 695 961 738 sumus.
998 677 1092 738 Dabit
1117 678 1203 739 Deus
1234 680 1285 738 his

353 787 473 846 quoque
502 771 609 843 finem,
642 775 678 832 ut
708 775 830 834 taceam
860 774 917 834 hos
948 776 1071 834 nostros
1099 774 1222 834 labores
1252 777 1284 833 in

352 868 477 941 pietatis
499 869 616 927 cultum
638 869 757 927 cedere.

429 961 576 1021 Penius.
619 962 710 1023 Certe
730 964 802 1039 plus
828 965 906 1023 satis
933 963 1056 1023 delicati
1077 980 1230 1034 essemus,
1258 967 1284 1023 si

329 1072 414 1116 enon
435 1059 558 1116 tantum
579 1059 740 1118 molestiae
770 1058 821 1117 vel
845 1075 901 1133 pro
926 1059 991 1117 solo
1012 1057 1134 1118 Christo
1155 1060 1284 1119 devora·

352 1168 466 1221 remus,
489 1155 578 1212 ouius
599 1155 747 1229 respectu
768 1155 813 1212 tot
832 1152 1000 1213 infantium
1024 1155 1175 1214 innocens
1196 1157 1284 1214 aetas

353 1248 494 1307 crudeles
515 1248 719 1307 barbarorum
749 1249 882 1307 militum
902 1249 1023 1324 gladios
1048 1253 1098 1307 est
1118 1266 1286 1326 perpessa;

353 1344 442 1402 euius
464 1345 509 1402 rei
529 1345 680 1402 memoria
700 1346 731 1402 et
751 1344 800 1402 his
822 1344 909 1402 feriis
931 1346 1097 1404 coniuncta
1117 1347 1174 1404 est.

430 1426 665 1497 Francisous
707 1438 769 1498 Sed
789 1439 864 1497 illud
886 1456 1012 1513 quaeso,
1035 1439 1108 1513 quid
1129 1439 1188 1499 sibi
1208 1441 1285 1511 vult,

317 1545 341 1588 n
353 1534 436 1606 quod
456 1533 624 1593 sacrificuli
650 1535 682 1591 in
712 1534 775 1592 divi
806 1534 931 1593 Ioannis
967 1534 1055 1593 feriis
1080 1535 1286 1611 popularibus

265 1696 267 1698 ¹
352 1629 461 1686 vinum
481 1645 498 1687 e
520 1634 643 1687 sacrato
665 1628 760 1688 oalice
782 1626 968 1705 propinanti

428 1722 575 1782 Penius.
615 1722 728 1783 Nescio
749 1724 902 1798 equidem,
924 1725 985 1782 nisi
1006 1725 1088 1799 quod
1108 1725 1212 1784 audivi
1225 1724 1287 1783 hoo

352 1818 498 1892 poculum
522 1820 631 1894 utpote
656 1836 781 1878 sacrum
812 1820 942 1878 antidoti
972 1821 1041 1880 vioe
1072 1836 1144 1879 esse
1175 1822 1285 1879 eontra

352 1915 466 1972 veneni
487 1914 635 1988 pericula.

317 2022 340 2063 15
431 2007 669 2068 Francisous.
710 2010 751 2068 At
765 2027 823 2084 ego
838 2011 932 2068 nolim
946 2010 1006 2069 hae
1019 2009 1137 2070 fidutia
1151 2010 1287 2068 oioutam

353 2103 469 2173 bibere,
490 2107 691 2177 quantumvis
722 2107 762 2165 sit
788 2105 847 2164 hoo
872 2105 1026 2179 poculum,
1057 2107 1092 2164 ut
1119 2105 1205 2173 diois
1237 2120 1285 2162 sa·

355 2218 450 2260 orum.

613 2490 840 2557 DIALOGVS
863 2490 973 2556 XXV.

580 2632 717 2691 Brutus
739 2636 779 2690 et
800 2630 1008 2690 Petruoius.

317 2766 402 2819 toDe
431 2766 500 2818 novi
530 2765 596 2817 anni
624 2764 755 2831 ingressu
786 2761 947 2830 loquuntur
970 2759 1064 2829 deque
1082 2757 1262 2813 missitandis

720 2848 868 2902 strenulis.

431 2971 579 3031 Brutus,
632 2970 782 3029 Faustum
803 2986 920 3029 annum
942 2969 1025 3027 hune
1046 2984 1162 3027 novum
1187 2968 1218 3025 et
1242 2964 1287 3024 fe·

354 3070 444 3128 licem
466 3068 519 3125 tibi
540 3083 658 3141 precor,
680 3067 722 3123 mi
742 3064 875 3124 Petruci.

431 3162 648 3221 Petrueius
689 3160 727 3219 Et
748 3177 816 3236 ego,
847 3163 882 3219 ut
913 3177 984 3219 oum
1009 3158 1137 3218 faenore
1163 3156 1217 3215 tibi
1238 3171 1285 3213 re-

316 3265 379 3319 {Clo}
407 3274 530 3333 ponam,
549 3254 553 3331 Ῑ
572 3274 633 3314 non
648 3256 731 3314 huno
751 3256 862 3323 solum,
883 3256 935 3329 qui
950 3255 1012 3313 iam
1026 3253 1208 3329 ingreditur,
1231 3251 1287 3309 sed

353 3356 458 3412 omnia
477 3354 572 3410 totius
594 3353 676 3409 vitae
698 3357 839 3425 tempora
859 3350 952 3409 beata
972 3349 1027 3408 tibi
1049 3351 1130 3424 opto.

432 3448 571 3506 Brutus
613 3445 748 3504 Tametsi
763 3445 889 3504 mallem
904 3444 1078 3503 strenulam
1092 3443 1167 3501 mihi
1182 3442 1288 3517 potius

354 3545 445 3602 dares
467 3558 560 3616 quam
581 3541 782 3615 magnificam
803 3540 889 3599 illam
910 3542 942 3598 et
969 3539 1152 3598 sollemnem
1173 3539 1284 3611 impre-

355 3640 517 3698 dationem.

314 3748 341 3789 eo
432 3733 642 3791 Petruoius.
703 3730 744 3788 At
784 3746 863 3803 quas
905 3731 1029 3788 strenas
1071 3728 1146 3787 dare
1186 3728 1287 3803 possit

353 3827 526 3896 Patroclus,
548 3828 600 3900 qui
620 3827 747 3900 praeter
768 3824 918 3899 pauculos
940 3824 1059 3883 libellos
1079 3824 1175 3882 habet
1193 3821 1289 3896 plane

355 3923 449 3981 nihil‘l
