3234 4617
643 517 953 561 nmioovsxxi-xxm.
1254 521 1290 579 29

435 704 601 762 Iacobus.
641 702 690 761 Ad
711 702 790 761 haec
810 705 957 777 princeps
978 704 1046 776 ipse
1067 704 1100 760 in
1120 702 1187 761 ioro
1203 705 1291 777 paria

360 799 475 873 aliquot
504 800 644 872 equitum
670 798 835 862 exhibebit.
868 800 920 872 qui
951 798 1033 856 inter
1064 814 1135 856 sese
1166 797 1289 856 infestis

359 893 459 953 hastis
481 895 675 952 concurrent.
718 891 790 951 Post
817 910 895 966 quos
921 894 1039 951 circum
1075 893 1291 968 ingredientur

358 990 432 1047 item
454 990 575 1062 equites
595 987 713 1047 acalce
734 988 774 1045 ad
788 990 940 1046 verticem
953 1004 1054 1062 usque
1069 989 1189 1056 armati,
1212 1004 1290 1061 quos

332 1083 577 1158 5cataphractos
601 1084 724 1141 vocant.
765 1082 803 1141 Hi
830 1084 1014 1141 catervatim
1045 1085 1113 1141 sine
1143 1083 1205 1142 ullo
1236 1092 1291 1141 aut

359 1180 465 1237 ordine
487 1180 542 1237 aut
562 1180 629 1236 arte
650 1178 728 1236 alius
743 1180 775 1236 in
797 1178 892 1236 alium
912 1180 1032 1237 irruent
1054 1183 1085 1236 et
1114 1195 1149 1236 se
1173 1178 1289 1235 mutuis

358 1274 471 1332 ictibus
492 1274 531 1332 ab
557 1274 646 1346 equis
672 1274 814 1331 deicient
857 1272 937 1332 Nam
967 1275 999 1330 in
1030 1272 1089 1332 hoc
1111 1275 1212 1331 circus
1233 1288 1288 1329 un-

359 1370 451 1442 dique
465 1369 514 1427 est
528 1370 775 1442 circumsaeptus
794 1369 834 1439 et,
854 1384 894 1426 ne
910 1370 961 1442 qui
981 1368 1149 1426 ceciderint
1162 1369 1289 1442 gravius

358 1462 528 1530 laedantur,
550 1463 625 1521 fimo
645 1465 806 1521 instratus.

321 1563 346 1605 ¹⁰
435 1558 602 1617 Thomas
645 1556 742 1628 Quam
764 1574 880 1632 quaeso
902 1560 933 1616 te
953 1558 1146 1632 voluptatem
1167 1573 1205 1615 ex
1226 1559 1289 1616 tam

356 1653 473 1712 furioso
495 1654 525 1711 et
546 1654 672 1711 minime
702 1654 839 1711 iucundo
861 1655 1031 1712 certamine
1064 1655 1191 1727 capiunt
1218 1648 1289 1710 isti?

435 1748 601 1807 Iacobus.
660 1745 756 1819 Quid?
808 1747 916 1806 Nullas
948 1765 1009 1806 non
1045 1749 1183 1806 lautitias
1213 1764 1289 1822 prae

357 1844 840 1919 1111111111111111111111111111111,Ι
868 1845 1088 1918 praeterquam
1119 1843 1200 1916 quod
1231 1843 1289 1900 hoc

275 1965 280 1971 ·
358 1938 498 1997 tirocinio
519 1940 558 1996 ad
580 1940 678 1997 serios
693 1938 830 1996 hostium
850 1955 1040 2013 congressus
1060 1943 1290 2014 praeparantur

319 2038 345 2081 15
357 2035 389 2092 et
409 2036 498 2107 quasi
519 2036 704 2092 animantur.

318 2132 382 2188 iC3b]
436 2128 602 2187 Thomas
657 2128 831 2201 Vtcumque
865 2130 914 2196 sit,
956 2129 1104 2203 spectabo
1123 2126 1126 2203 1
1146 2130 1177 2186 11
1211 2130 1287 2203 ipse,

359 2224 509 2297 quomodo
530 2240 581 2282 res
601 2225 721 2298 agatur,

608 2592 835 2659 DIALOGVS
862 2537 991 2658 xxiii

526 2732 571 2786 De
589 2734 762 2785 ieiuniorum
780 2735 892 2788 ratione
912 2732 1067 2787 disserunt.

565 2852 755 2914 Conradus
777 2859 814 2913 et
833 2856 1023 2931 Aegidius

434 2983 636 3043 Conradus.
678 2985 821 3043 Maiesit
841 2987 920 3053 istis,
952 2987 1058 3043 nescio
1082 2986 1203 3059 quibus
1235 2987 1286 3059 qui

354 3082 453 3138 totum
474 3096 575 3155 paene
596 3097 713 3139 annum
726 3083 850 3138 ieiuniis
864 3081 1041 3139 onerarunt.
1083 3079 1190 3154 Neque
1205 3083 1287 3138 enim

355 3176 433 3233 satis
464 3174 524 3232 fuit
558 3177 603 3233 eis
637 3175 845 3249 quadraginta
885 3176 951 3233 dies
985 3178 1137 3250 perpetuo
1172 3174 1287 3234 Christi

355 3272 470 3328 ieiunio
491 3287 562 3328 esse
584 3286 699 3337 sacros
722 3272 782 3328 nisi
803 3272 932 3344 insuper
950 3271 1062 3344 quarta
1076 3287 1198 3344 quaque
1214 3274 1285 3329 anni

316 3368 444 3440 aparte
465 3366 582 3439 aliquot
612 3366 677 3423 dies
703 3382 760 3423 nos
781 3368 1005 3424 macerassent.
1047 3365 1147 3424 Instat
1177 3382 1286 3425 rursus

356 3462 532 3535 septimana
562 3476 618 3534 per
647 3461 870 3519 abstinentiam
895 3461 1107 3535 transigenda.
1149 3459 1235 3532 Quod
1260 3463 1285 3519 si

355 3555 430 3613 mihi
451 3557 537 3613 tanto
558 3559 712 3631 apparatu
737 3556 902 3630 prandium
933 3557 1145 3630 apponeretur
1170 3559 1285 3628 quanto
1348 3554 1350 3558 ’

354 3650 424 3717 illis,
456 3652 508 3723 qui
538 3652 654 3709 ieiunia
682 3651 760 3709 haec
794 3651 992 3719 induxerunt,
1025 3668 1088 3709 non
1119 3651 1286 3709 admodum

354 3748 511 3820 gravatim
541 3747 586 3803 eis
618 3762 775 3821 parerem3
806 3763 889 3804 nunc
925 3763 995 3804 cum
1026 3747 1078 3803 vix
1109 3747 1172 3804 toto
1204 3762 1285 3805 anno

314 3846 342 3889 ³⁰
354 3840 453 3899 semei
467 3842 642 3916 rugientem
657 3842 851 3900 stomachum
866 3844 1023 3907 exsatiem,
1046 3842 1148 3900 adhuc
1162 3842 1285 3900 ieiuniis

354 3952 458 3994 vexor.
