3234 4617
670 529 820 573 DthOGVS
833 530 933 573 Vll—IX.
1254 531 1290 593 15

435 710 641 788 Philippus.
683 712 784 781 Recte,
817 703 943 786 quando¹
966 706 1089 788 magnis
1114 708 1189 773 viris
1214 715 1293 775 haec

359 808 433 865 sunt
465 808 692 881 permittenda3
726 808 817 866 nobis
848 823 932 875 vero,
969 810 1021 882 qui
1055 811 1191 868 nondum
1211 811 1294 869 ultra

313 947 316 952 .
358 905 475 977 primas
496 903 615 962 litteras
636 903 795 977 progressi
817 918 934 970 sumus,
957 919 1020 961 non
1039 904 1155 962 itidem.

436 998 613 1056 Andreas:
654 996 785 1072 Semper
810 998 844 1055 tu
869 998 993 1072 quidem
1018 1001 1097 1057 meis
1118 999 1292 1059 adfectibus

333 1094 521 1167 sobstrepis‚
543 1110 606 1151 non
626 1094 730 1151 minus
752 1109 846 1166 quam
866 1095 1058 1168 praeceptor.

436 1188 644 1263 Philippus.
684 1186 771 1258 Quod
796 1189 835 1246 ad
861 1191 902 1246 te·
918 1191 1035 1257 attinet,
1070 1205 1138 1263 age,
1164 1206 1232 1264 age,
1259 1192 1292 1247 ut

357 1285 455 1355 lubet3
486 1301 535 1342 me
567 1285 651 1342 certe
681 1299 744 1341 non
769 1283 899 1341 habebis
924 1283 1017 1342 huius
1043 1286 1114 1343 tuae
1142 1284 1291 1342 stultitiae

358 1380 509 1438 comitem.

641 1722 868 1788 DlALOGVS
891 1722 951 1787 IX.

321 1895 344 1937 ιο
358 1879 403 1932 De
422 1879 590 1932 auctoribus
608 1880 740 1947 proximo
759 1880 894 1933 semestri
914 1880 944 1931 in
962 1880 1060 1933 schola
1078 1878 1290 1950 praelegendis.

579 1982 736 2042 Thomas
758 1985 792 2042 et
813 1982 1071 2059 Hieronymus

434 2130 602 2190 Thomas.
631 2130 710 2202 Quid
721 2136 778 2199 est,
794 2132 876 2205 quod
890 2132 961 2189 illac
975 2132 1074 2199 venis,
1090 2130 1286 2204 Hieronymo,

356 2234 410 2284 aut
430 2226 483 2284 ubi
502 2222 612 2284 fuisti‘.Z

433 2319 689 2394 Hieronymus.
735 2320 837 2379 Redeo
860 2337 879 2379 a
900 2322 1103 2395 praeceptore
1124 2335 1169 2388 eo,
1197 2320 1248 2394 qui
1270 2338 1289 2378 a

317 2430 381 2484 [aab]
408 2416 624 2488 ludimagistro
644 2416 762 2489 primas
783 2419 827 2473 te·
847 2412 851 2489 1
869 2417 931 2474 net.
995 2434 998 2437 ⁴

433 2509 598 2568 Thomas.
640 2511 715 2585 Age,
748 2511 822 2584 quid
851 2511 878 2567 is
910 2512 1017 2569 narrat
1047 2511 1084 2568 de
1106 2510 1286 2568 auctoribus

357 2605 414 2663 hoc
433 2606 578 2663 semestri
598 2605 837 2679 praelegendis?
869 2606 931 2664 lem
953 2607 1045 2674 enim,
1058 2606 1149 2664 ’sicut
1169 2607 1286 2680 opinor,

355 2716 464 2758 eorum
484 2700 637 2758 delectum
658 2701 843 2758 habuerunt.

433 2794 694 2868 Hieronymus.
749 2794 931 2854 Habuerunt
961 2797 1063 2870 idque,
1101 2791 1193 2854 sicuti
1227 2794 1287 2853 dici

318 2889 459 2956 maudio
495 2890 673 2963 prudenter.
719 2890 798 2949 Nam
831 2893 956 2965 praeter
975 2892 1139 2966 utriusque
1160 2890 1287 2965 linguae

357 2985 535 3043 rudimenta
556 3002 594 3043 ex
614 2984 699 3043 Fabii
720 2987 915 3061 praescripto
931 2987 1121 3044 coniunctim
1136 2985 1287 3043 tradenda

356 3080 491 3154 primum
528 3080 731 3139 Terentianas
767 3082 942 3139 comoedias
983 3082 1183 3156 exponendas
1217 3098 1285 3140 sus-

355 3178 513 3250 ceperunt.
546 3174 627 3248 quod
653 3175 704 3233 hic
725 3176 859 3251 scriptor
882 3192 920 3234 ex
940 3175 1058 3234 Latinis
1078 3193 1178 3250 paene
1200 3178 1286 3235 solus

355 3268 485 3328 Romani
506 3269 660 3327 sermonis
680 3270 818 3328 nativam
833 3272 864 3328 et
878 3271 1049 3345 genuinam
1063 3273 1286 3346 proprietatem

316 3378 342 3419 25
355 3366 497 3432 retineat,
529 3365 606 3422 adeo
637 3368 671 3422 ut
701 3382 758 3423 nec
789 3364 929 3424 Marcum
956 3366 1098 3433 Tullium,
1131 3368 1286 3425 oratorem

355 3460 536 3534 principem,
568 3459 715 3533 puduerit
736 3462 774 3518 ad
805 3460 899 3518 huius
921 3461 1097 3534 exemplum
1128 3462 1285 3520 orationes

356 3571 429 3612 suas
451 3557 600 3624 formare;
633 3554 744 3612 deinde
769 3554 866 3612 Marci
888 3554 979 3613 Tullii
1006 3554 1123 3621 Officia,
1156 3558 1238 3630 quod
1258 3558 1286 3615 is

354 3649 432 3707 liber
462 3666 524 3706 non
549 3650 691 3724 linguam
715 3649 817 3707 solum
844 3649 1021 3723 eloquentia
1041 3651 1145 3724 poliat,
1178 3653 1234 3710 sed
1255 3656 1285 3711 et

300 3779 303 3784 -
354 3747 466 3819 pectus
487 3745 581 3802 rectis
603 3745 741 3802 moribus
756 3745 902 3811 instruat,
924 3746 1007 3804 unde
1023 3751 1054 3803 et
1067 3745 1157 3804 Plinii
1171 3747 1284 3805 iudicio

315 3853 341 3895 oo
355 3856 417 3898 non
430 3841 591 3914 legendus,
605 3840 659 3897 sed
671 3840 710 3899 ad
720 3840 852 3898 verbum
863 3841 906 3898 sit
916 3841 1112 3899 ediscendus
1124 3840 1284 3900 Postremo

355 3936 471 4009 aliquot
491 3934 661 4010 Vergiliani
682 3936 835 4008 poematis
857 3935 927 3992 libri
948 3939 1150 4010 exponentur,
1172 3929 1302 4011 nempe'
