3234 4617
665 486 814 530 DIALOGVS
828 487 862 538 ix,
876 487 901 529 X.
1237 494 1272 549 17

416 670 587 731 Thomas.
628 670 714 730 Bene
735 672 840 739 habet,
873 673 955 746 quod
986 689 1048 731 non
1080 673 1179 747 pluris
1199 690 1273 733 ven·

342 767 471 825 duntur:
494 766 619 841 alioqui,
640 782 720 840 quae
736 784 806 825 mea
821 770 870 825 est
891 769 1028 842 egestas,
1051 784 1191 828 coemere
1211 786 1274 827 non

341 862 549 922 suffecissem.

418 958 670 1042 Hieronymus.
711 955 933 1031 Eamusergo.

314 1067 328 1109 5
419 1052 588 1112 Thomas,
636 1051 851 1123 Quandovis3
881 1053 913 1109 in
939 1069 988 1110 me
1017 1068 1079 1110 non
1105 1053 1153 1109 est
1178 1068 1272 1111 mora.

636 1405 864 1472 DIALOGVS
888 1406 930 1470 X.

443 1553 648 1623 Compleotens
667 1552 805 1606 formulas
824 1552 964 1623 loquendi
983 1552 1018 1606 de
1038 1553 1126 1607 seriis.

538 1675 768 1750 Stephanus,
790 1675 1027 1734 Laurentius

421 1813 646 1889 Stephanus.
688 1812 785 1884 Quem
807 1813 897 1871 aiunt
916 1812 1007 1871 hodie
1022 1813 1105 1887 apud
1125 1814 1275 1888 populum

304 1911 374 1969 ioin
395 1909 511 1984 templo
533 1913 640 1967 nostro
662 1909 923 1978 contionaturum,
945 1909 986 1966 mi
1007 1907 1177 1968 Laurenti?

419 2002 657 2063 Laurentius
699 2003 798 2062 Audio
821 2004 999 2077 quempiam
1020 2021 1037 2061 e
1058 2004 1222 2062 monachis
1243 2004 1274 2061 in

343 2101 530 2174 suggestum
551 2099 755 2173 proditurum.

421 2194 644 2269 Stephanus.
705 2193 800 2251 Miror
840 2210 902 2251 non
942 2192 1099 2267 insignem
1140 2192 1275 2267 aliquem

327 2290 523 2365 ¹theologum
543 2291 572 2347 ei
594 2289 719 2364 negotio
741 2288 891 2353 adhiberi,
914 2287 1047 2346 maxime
1070 2304 1141 2345 eum
1162 2289 1275 2363 ingens

306 2398 330 2440 15
343 2385 505 2443 hominum
539 2385 631 2442 turba
663 2384 755 2442 hodie
789 2385 822 2441 in
863 2383 944 2441 hane
986 2384 1094 2441 aedem
1129 2382 1275 2452 confluat,

345 2481 512 2556 propterea
532 2480 613 2553 quod
645 2478 810 2538 sacrificus
832 2478 958 2551 quidam
989 2495 1089 2552 nuper
1114 2478 1146 2536 in
1173 2496 1275 2538 saeer-

345 2574 453 2633 dotum
475 2575 614 2633 ordinem
636 2576 819 2647 assumptus
841 2573 976 2647 primum
997 2590 1088 2632 sacra
1107 2572 1209 2633 faciet.

304 2675 368 2728 [aa]
429 2669 666 2728 Laurentius.
708 2668 746 2725 Et
767 2668 843 2726 mihi
862 2669 975 2726 mirum
995 2669 1127 2734 videtur,
1147 2668 1150 2744 i
1170 2686 1275 2743 quam-

345 2780 449 2838 quam,
481 2764 563 2837 quod
594 2764 633 2822 ad
664 2780 718 2821 me
745 2763 867 2830 attinet,
903 2763 1015 2821 vellem
1050 2764 1151 2822 contio
1183 2781 1275 2838 quam

304 2874 332 2915 ao
345 2859 533 2919 brevissima
547 2860 724 2918 haberetur.
760 2858 883 2917 Etenim
903 2859 964 2917 iam
979 2876 1062 2917 nune
1076 2859 1278 2918 vehementer

349 2955 452 3014 esurio
472 2955 608 3012 biduano
630 2955 691 3013 iarn
712 2971 813 3029 paene
834 2954 949 3012 ieiunio
972 2956 1157 3013 maceratus
1198 2954 1277 3013 Nam

347 3050 397 3108 his
419 3049 537 3116 diebus,
569 3050 681 3123 quibus
702 3066 721 3107 a
742 3049 888 3108 carnibus
909 3049 1091 3117 abstinetur,
1117 3066 1278 3124 nunquam

348 3146 426 3205 abeo
447 3146 533 3203 reete
554 3147 723 3203 saturatus.

426 3239 652 3314 Stephanus
693 3239 779 3297 Duas
791 3240 893 3298 adhue
908 3239 1002 3297 horas
1017 3239 1129 3298 edendi
1145 3240 1277 3299 aviditas
1349 3293 1352 3301 .

304 3335 401 3393 aetibi
432 3336 481 3393 est
512 3335 719 3409 reprimenda,
752 3335 906 3407 siquidem
937 3338 1061 3408 praeter
1092 3334 1276 3403 contionem,

345 3446 427 3503 quae
441 3430 550 3488 horam
564 3430 673 3504 poscit,
696 3430 759 3489 seis
774 3431 926 3503 quantum
945 3429 1094 3502 temporis
1109 3429 1140 3487 in
1156 3446 1277 3488 summo

344 3524 498 3585 sacrificio
520 3524 668 3584 ohorauia
698 3524 759 3583 sibi
780 3525 894 3592 sumat,
927 3541 1020 3597 quam
1052 3524 1146 3582 etiam
1177 3540 1278 3598 paene

345 3623 497 3695 superant
508 3621 567 3679 hae
579 3622 706 3678 nostrae
718 3620 879 3678 cantiones
893 3635 990 3693 supra
999 3618 1277 3692 modumprolixae.

422 3715 657 3775 Laurentiue.
698 3714 779 3773 Male
800 3715 842 3772 sit
861 3714 941 3780 istis,
968 3714 1020 3788 qui
1041 3714 1153 3772 harum
1175 3730 1279 3772 rerum

303 3823 332 3867 ao
345 3811 435 3869 nobis
450 3813 524 3869 sunt
538 3808 696 3869 auctores!
727 3809 797 3884 Ipse
813 3812 897 3868 oerie
912 3810 1028 3877 statim,
1051 3809 1104 3877 ubi
1117 3813 1278 3884 peractum

342 3904 439 3963 fuerit
459 3921 593 3972 eaerum,
625 3904 664 3963 ad
685 3904 816 3962 divitum
848 3903 930 3963 ostia
960 3904 1053 3963 eituto
1082 3904 1159 3962 adeo
1185 3920 1286 3960 eursu

341 4013 388 4055 Lat
403 4014 624 4060 Littereturdenkm.
650 4017 682 4061 18.
1110 4014 1135 4065 (ξ.
