3234 4617
372 488 409 544 48
653 485 858 534 MOSELLANV&
873 484 1072 529 Phanoteam.

424 672 455 727 et
476 670 584 727 doctos
606 672 638 727 et
658 670 767 738 bonoS,
793 670 852 727 hoc
873 672 910 727 ut
929 669 1036 737 velint,
1068 668 1145 728 illud
1171 670 1208 727 ut
1233 671 1355 744 possint

423 767 509 822 recte
541 765 662 832 dooere,
694 765 848 838 siquidem
869 764 1019 832 Latinam,
1058 762 1210 823 Graecam
1235 768 1268 824 et
1298 766 1354 823 He-

422 860 559 918 braicam
594 861 720 935 linguas
749 861 780 918 in
815 859 1064 918 Christianorum
1101 859 1217 917 scholis
1252 861 1355 920 doceri

423 954 603 1029 pontificiae
634 954 722 1029 leges
751 955 861 1013 iubent
897 957 928 1013 et
959 956 1103 1013 veterum
1139 954 1355 1029 theologorum

396 1064 409 1105 5
424 1050 567 1125 exempla
585 1051 720 1108 suadent
734 1067 770 1108 ac
785 1051 920 1124 deniquo
935 1049 1132 1108 Christianae
1152 1050 1198 1108 rei
1212 1051 1355 1124 publicae

422 1161 500 1203 usus
513 1146 617 1220 exigit.
649 1145 770 1204 Habeat
784 1146 918 1219 denique
933 1145 1103 1221 theologos
1120 1146 1147 1203 si
1162 1162 1224 1203 non
1239 1146 1354 1220 plures,

422 1257 521 1298 unum
541 1241 652 1298 saltem
675 1243 729 1299 aut
759 1241 892 1299 alterum
921 1257 992 1298 oum
1018 1241 1245 1314 scripturarum
1267 1240 1354 1300 intel-

423 1335 561 1409 legentia
592 1337 659 1393 tum
693 1335 777 1394 vitae
810 1335 1018 1394 sanctimonia
1044 1336 1171 1410 egregie
1196 1336 1354 1410 probatos.

355 1434 358 1440 ’
422 1429 501 1487 'l'um
530 1430 716 1504 iureperitos
751 1447 813 1488 non
847 1431 952 1489 minus
986 1431 1155 1504 prudentia
1195 1447 1289 1505 quam
1325 1434 1356 1490 et

385 1539 409 1580 10
421 1524 570 1583 facundia
592 1525 745 1584 laudatos
787 1527 835 1583 Ad
856 1520 935 1584 haec
956 1526 1102 1595 medicos
1129 1542 1207 1599 quos
1229 1529 1354 1585 natura·

422 1620 498 1677 lium
532 1637 635 1678 rerum
670 1620 827 1694 profunda
862 1621 997 1694 cognitio
1033 1623 1064 1679 et
1105 1621 1234 1678 curandi
1274 1621 1354 1681 fides

422 1716 590 1789 perspecta
616 1716 820 1773 commendet.
862 1715 1021 1773 Postremo
1047 1714 1260 1789 philosophos,
1293 1734 1354 1775 non

423 1810 475 1883 qui
496 1810 699 1884 sophisticam
721 1811 842 1869 rixandi
863 1811 1070 1884 pertinaciam
1091 1827 1128 1868 ex
1149 1811 1265 1884 ineptis
1286 1812 1353 1871 bar-

422 1906 568 1963 barorum
594 1907 827 1964 commentariis
853 1907 1020 1970 inculcent,
1053 1906 1110 1963 sed
1140 1906 1194 1979 qui
1219 1906 1353 1980 philoso-

384 2001 547 2074 15phando
583 2000 720 2059 Platonis
756 2001 964 2069 maiestatem,
999 2017 1131 2059 acumen
1166 2000 1353 2071 Aristotelis,

422 2096 630 2170 Theophrasti
657 2097 867 2169 eloquentiam
894 2096 1034 2170 proxime
1055 2095 1201 2153 referant.
1243 2095 1353 2167 Quam-

422 2208 515 2265 quam
547 2194 651 2250 autem
681 2192 881 2266 gymnasium
907 2192 1061 2250 eiusmodi
1087 2191 1215 2249 minoris
1236 2193 1355 2267 negotii

390 2295 451 2352 [aab]
475 2289 524 2344 est
543 2287 720 2344 describere
742 2303 836 2360 quam
856 2303 989 2361 usquam
1009 2286 1159 2353 invenire,
1185 2286 1225 2343 ad
1243 2289 1248 2359 Ι
1266 2304 1354 2361 prae·

422 2382 571 2455 scriptam
598 2383 703 2439 tamen
725 2382 894 2455 imaginem
925 2383 1094 2455 utcumque
1120 2381 1276 2439 accedunt
1304 2383 1354 2440 hio

382 2476 453 2533 eoin
484 2476 586 2533 vicino
618 2477 705 2543 sitae,
737 2476 843 2550 Lipsia
873 2478 904 2534 et
933 2475 1163 2550 ,Wittenberga
1205 2474 1270 2534 Nec
1301 2476 1353 2535 Er-

422 2570 556 2644 phurdia
587 2571 730 2644 cuiquam
763 2573 813 2628 est
843 2571 1042 2644 aspernanda
1072 2572 1107 2628 ut
1138 2586 1196 2629 nec
1220 2570 1352 2631 Basilea.

422 2664 524 2740 Super
559 2682 667 2723 omnes
702 2682 776 2723 vero
817 2667 910 2724 trium
944 2666 1123 2747 linguarum
1157 2665 1353 2739 professione

421 2760 514 2819 floret
543 2760 723 2829 Lovanium,
756 2762 866 2820 schola
894 2762 946 2819 vel
975 2760 1034 2818 hoc
1060 2761 1184 2817 nomine
1215 2762 1353 2820 omnium

421 2856 612 2925 felicissima,
646 2858 727 2930 quod
758 2873 909 2931 magnum
939 2855 1028 2913 illum
1059 2859 1089 2913 et
1117 2855 1291 2929 sapientiae
1323 2859 1354 2915 et

382 2964 408 3006 25
422 2950 618 3024 eloquentiae
633 2953 805 3026 prinoipem
827 2952 921 3009 habet
934 2950 1107 3009 Erasmum.
1143 2949 1182 3007 Et
1195 2966 1353 3009 summum

421 3046 496 3104 illud
518 3047 751 3105 ecclesiasticae
772 3047 933 3121 dignitatis
956 3047 1182 3113 ornamentum,
1204 3044 1352 3104 Albertus

423 3143 598 3210 cardinalis,
611 3158 759 3217 magnum
771 3142 919 3215 quiddam
930 3142 1110 3215 Moguntiae
1122 3156 1198 3199 suae
1212 3140 1353 3212 molitu1·;

422 3239 504 3310 quod
529 3238 556 3294 si
582 3235 778 3311 processerit,
811 3238 878 3302 erit.
902 3253 961 3310 quo
983 3253 1017 3294 se
1040 3234 1206 3293 Germania
1237 3237 1353 3294 exteris

423 3333 599 3390 hominibus
638 3334 745 3390 vendit
766 3335 786 3389 t.
847 3331 940 3389 Porro
986 3332 1062 3389 illud
1102 3330 1255 3405 imprimis
1297 3332 1353 3390 tibi

382 3442 408 3482 ao
422 3429 605 3496 cavendum,
636 3445 676 3486 ne
702 3428 741 3486 ad
763 3428 913 3485 sublimes
944 3426 1013 3485 illas
1035 3414 1247 3501 professiones
1274 3442 1353 3499 quas

421 3525 535 3581 vocant
569 3524 671 3592 illotis,
707 3525 743 3581 ut
778 3523 875 3589 aiunt,
917 3522 1048 3597 pedibus
1079 3523 1244 3595 irrumpas
1277 3523 1352 3594 quin

421 3620 521 3676 modis
543 3619 687 3676 omnibus
709 3619 891 3685 curandum,
913 3622 949 3674 ut
969 3618 1132 3690 utriusque
1157 3616 1352 3675 litteraturae

423 3714 570 3772 mediocri
591 3714 770 3788 cognitione
790 3716 996 3787 praeparatus
1013 3713 1152 3769 accedas.
1195 3710 1247 3769 Sic
1268 3712 1353 3769 enim

420 3811 570 3880 futurum,
599 3814 636 3867 ut
661 3810 692 3867 in
721 3809 894 3882 disciplinis
916 3808 966 3865 his
988 3807 1184 3882 gravioribus
1207 3806 1300 3864 citius
1322 3809 1353 3864 et

381 3907 553 3973 asiacilius,
587 3922 646 3978 quo
669 3905 780 3972 tendis
813 3905 979 3978 pervenias
1001 3905 1032 3961 et
1052 3905 1172 3961 rectum
1202 3902 1236 3959 in
1256 3901 1353 3959 rebus
