3234 4617
313 458 331 514 6
600 453 803 503 mosELtartvs,
819 454 1018 499 naunotoom.

362 640 539 706 iunxerunt,
571 639 660 697 vultu
691 639 787 698 alacri
819 642 850 698 et
879 639 993 697 festivo
1015 640 1090 697 mihi
1115 656 1241 715 semper
1261 657 1294 699 es

362 734 458 798 visus,
499 736 535 791 ut
568 751 606 793 ex
639 735 697 796 his.
739 753 817 810 quos
848 736 898 793 hie
929 735 1024 794 habet
1057 736 1158 803 ludus,
1200 735 1296 795 tuerit

362 846 462 896 nemo,
486 830 537 904 qui
553 847 616 888 non
631 831 662 889 te
676 830 871 889 familiariter
885 831 932 888 uti
946 831 1169 905 concupiverit.
1204 832 1295 890 Nune

361 924 467 983 nescio
489 926 642 998 quomodo
663 926 743 983 alius
765 925 889 983 videris

335 1035 348 1076 5
440 1018 582 1078 Petrus.
625 1020 662 1077 Et
682 1020 794 1078 mirum
823 1021 879 1079 tibi
900 1020 1032 1088 videtur,
1061 1022 1088 1078 si
1109 1021 1199 1079 vultu
1225 1039 1293 1079 sum

362 1114 453 1181 tristi,
485 1131 556 1172 cum
587 1114 739 1173 eiusmodi
770 1114 917 1189 quiddam
949 1115 1024 1173 mihi
1046 1116 1177 1184 accidat,
1213 1117 1294 1190 quod

362 1209 536 1267 studiorum
557 1225 697 1267 meorum
729 1225 933 1284 progressum
964 1226 1027 1267 non
1057 1226 1169 1288 parum
1200 1217 1295 1284 queat

362 1304 530 1362 remorari?

439 1397 584 1457 Paulus,
627 1397 705 1469 Quid
725 1399 810 1466 illud,
833 1395 969 1473 quaeso?
1016 1398 1092 1457 Nam
1117 1416 1215 1473 grave
1241 1400 1292 1459 ali·

325 1508 349 1550 ro
362 1496 437 1569 quid
457 1496 498 1552 sit
518 1496 648 1569 oportet,
680 1495 762 1569 quod
792 1496 824 1553 te
845 1495 1078 1554 adulescentem
1099 1496 1293 1554 constantem

364 1608 383 1649 a
404 1590 516 1648 studiis
538 1590 679 1648 deducat.

440 1684 584 1743 Petrus
626 1685 735 1743 Dicam
755 1686 875 1760 paucio.
915 1686 980 1744 lam
1001 1702 1102 1744 annus
1117 1684 1216 1745 ferme
1237 1687 1293 1753 est,

363 1796 401 1838 ex
421 1798 481 1855 quo
502 1781 566 1839 ludi
586 1780 680 1838 huius
701 1781 801 1839 nostri
823 1781 1003 1840 celebritate
1029 1781 1149 1839 excitus
1171 1780 1233 1839 hue
1254 1781 1293 1838 ad

364 1876 549 1950 capiendum
579 1876 698 1950 ingenii
734 1876 852 1934 cultum
877 1877 1031 1947 concessi3
1062 1892 1122 1949 quo
1153 1876 1293 1950 tempore

325 1984 350 2025 15
363 1971 536 2030 studiorum
557 1987 696 2029 meorum
726 1972 778 2030 vix
798 1971 952 2031 rationem
972 1972 1086 2035 inveni.
1122 1987 1192 2029 cum
1217 1971 1293 2029 mihi

364 2066 503 2140 epatria
523 2065 700 2125 offeruntur
719 2066 849 2135 litterae,
877 2082 957 2141 quae
982 2083 1032 2125 me
1057 2066 1181 2124 domum
1203 2066 1293 2139 quasi

364 2177 401 2219 ex
432 2161 533 2219 medio
564 2161 738 2219 studiorum
765 2178 861 2220 cursu
884 2162 1042 2221 revocant.
1083 2160 1120 2217 ut
1141 2160 1222 2235 quod
1244 2177 1292 2217 me

364 2256 502 2314 omnium
532 2257 667 2316 maxime
697 2255 777 2314 male
802 2256 907 2325 habet,
938 2257 1057 2316 reditus
1087 2257 1148 2314 mei
1179 2272 1292 2314 causas

364 2367 425 2408 non
448 2353 552 2410 edunt.
594 2351 658 2410 Nee
673 2352 753 2410 seire
768 2368 907 2426 possum,
930 2369 969 2411 an
984 2352 1045 2410 huc
1059 2352 1187 2410 tandem
1200 2351 1293 2409 liceat

323 2458 350 2500 ao
364 2445 542 2518 remigrare.

440 2538 588 2598 Paulus¹
634 2539 692 2611 Qui
722 2540 794 2605 scis,
827 2556 867 2598 an
898 2540 937 2598 ad
967 2539 1124 2598 fortunam
1156 2539 1291 2614 aliquam

363 2630 524 2693 evoceris?

324 2744 387 2798 [neo]
436 2728 576 2786 Petrus
617 2726 709 2785 Nulla
738 2727 814 2786 mihi
844 2726 970 2785 fortuna
993 2727 1098 2801 potest
1128 2726 1291 2802 incideret

323 2838 349 2880 25
363 2826 459 2889 tanta,
482 2824 570 2882 cuius
592 2827 737 2897 respectu
757 2823 878 2881 litteras
900 2839 1012 2897 queam
1032 2821 1230 2896 posthabere.

441 2916 586 2977 Paulus.
628 2919 669 2977 At
688 2918 872 2993 parentibus
894 2919 943 2975 est
963 2918 1206 2992 obsequendum.

440 3013 581 3072 Petrus.
622 3013 687 3072 Hoc
707 3014 782 3072 illud
804 3014 861 3081 est,
894 3014 976 3088 quod
996 3030 1045 3071 me
1067 3016 1180 3081 movet,
1212 3015 1294 3087 quod

363 3126 413 3168 me
443 3109 516 3167 hine
548 3109 675 3168 domum
705 3109 849 3168 extrudit.
904 3108 1036 3183 Alioqui,
1071 3109 1197 3167 tametsi
1231 3125 1294 3167 non

364 3206 486 3263 tantum
516 3206 566 3263 est
596 3204 686 3273 cerie,
719 3221 778 3279 quo
811 3204 893 3262 hanc
919 3203 1054 3261 hiemem
1080 3204 1294 3264 transmittere

323 3315 350 3356 ao
364 3317 485 3375 queam,
508 3302 612 3358 tamen
634 3316 709 3374 prae
730 3299 904 3358 studiorum
935 3315 1040 3358 amore
1066 3298 1182 3357 vietum
1208 3316 1294 3357 men·

363 3396 493 3474 dicando
515 3395 652 3453 ostiatim
673 3396 910 3469 quaeritassem.

441 3489 587 3549 Paulus.
627 3489 696 3548 Non
718 3492 887 3564 antequam
912 3489 988 3548 hinc
1013 3491 1107 3549 abeas
1133 3505 1295 3563 nunquam

363 3585 469 3643 forsan
491 3586 656 3653 rediturus
678 3585 855 3643 convivium
875 3586 957 3644 inter
977 3602 1034 3644 nos
1056 3581 1265 3660 agitabimus?

440 3680 584 3739 Petrus
619 3680 770 3740 Convivia
780 3682 942 3757 agitarem,
964 3682 1017 3755 qui
1039 3682 1078 3740 ad
1089 3680 1295 3755 supellectilis

322 3789 349 3831 aa
363 3792 451 3833 meae
482 3775 638 3833 sarcinam
669 3775 916 3848 componendam
946 3774 998 3831 vix
1029 3775 1153 3848 tempus
1173 3772 1295 3835 habeo?

362 3870 457 3929 Immo
479 3871 540 3929 iam
562 3872 648 3928 recta
667 3870 707 3928 ad
726 3869 978 3944 ludimagistrum
1002 3885 1098 3945 pergo
1113 3869 1295 3929 missionem
