3234 4617
359 514 397 570 42
643 509 846 559 mosmnrlvs,
860 509 1059 554 PnEnonoom.

378 707 441 761 [osai
510 690 737 757 DIALOGVS
761 691 896 758 XXXV
918 692 974 756 ET
998 692 1202 759 VLTIMVS.

628 830 828 890 Cornelius
850 835 885 890 et
907 830 1125 892 Gulielmus.

359 952 404 1007 Dc
435 951 592 1007 commodis
619 968 654 1005 ac
674 952 816 1005 molestiis
837 952 982 1005 variorum
1003 957 1166 1021 temporum
1188 952 1345 1008 disserunt.

490 1073 697 1132 Cornelius.
738 1071 778 1130 Vt
800 1073 877 1131 nihil
901 1075 949 1133 est
969 1091 1070 1149 usque
1090 1092 1128 1133 ex
1149 1076 1233 1134 omni
1255 1078 1346 1150 parte

384 1167 498 1227 5felix!

489 1262 709 1323 Gulielmus.
772 1262 850 1334 Quid
895 1264 1101 1323 stomacharis
1133 1267 1260 1335 tecum,
1303 1267 1345 1324 mi

411 1355 552 1417 Corneli?

488 1450 699 1512 Cornelius.
741 1451 810 1510 Non
836 1453 904 1511 iure
930 1454 1117 1523 stomachor,
1149 1457 1201 1528 qui
1227 1472 1278 1515 me
1299 1457 1346 1515 tot

411 1550 501 1607 malis
522 1550 554 1606 in
580 1549 639 1607 hoc
665 1549 824 1606 immundo
850 1547 966 1606 mundo
993 1549 1160 1607 obnoxium
1180 1546 1345 1625 experior?

375 1658 399 1700 io
492 1643 708 1703 Gulielmus.
750 1642 828 1713 Quid
849 1647 906 1712 est,
934 1644 972 1702 de
994 1660 1054 1717 quo
1075 1645 1201 1718 praeter
1222 1647 1345 1704 ceteros

411 1741 488 1799 adeo
520 1739 608 1813 queri
638 1739 751 1813 possiS,
783 1739 845 1796 nisi
875 1738 956 1797 forte
982 1741 1201 1813 paupertatem
1230 1739 1264 1797 in
1294 1739 1344 1798 ius

410 1835 526 1894 vocas?

489 1927 694 1989 Cornelius.
728 1928 822 2000 Quasi
837 1929 896 1988 hoc
911 1929 1012 1988 solum
1026 1929 1067 1987 sit
1079 1927 1203 1995 malum,
1220 1928 1343 1986 etiarnsi

410 2024 647 2099 gravissimum3
673 2023 761 2082 vides
783 2027 822 2092 et,
851 2024 969 2099 opinor,
997 2024 1105 2092 sentis,
1126 2025 1162 2082 ut
1182 2023 1261 2082 nihil
1281 2040 1344 2082 non

373 2133 397 2175 15
411 2120 451 2177 sit
470 2119 649 2177 adversum.
692 2117 838 2177 Hibernis
869 2120 1062 2194 temporibus
1092 2118 1208 2193 frigore
1230 2135 1342 2177 concu-

411 2216 520 2285 timur;
542 2231 626 2272 nunc
641 2215 749 2272 aestus
765 2216 796 2272 et
811 2215 971 2273 caniculae
985 2214 1088 2273 rabies
1102 2230 1160 2272 nos
1175 2214 1342 2272 excruciat.

411 2308 550 2367 Interdiu
561 2310 686 2382 quidem
698 2309 736 2366 ob
744 2325 888 2369 annonae
901 2310 1062 2368 caritatem
1074 2310 1105 2367 ct
1116 2310 1256 2367 nostram
1268 2325 1342 2385 pau-

412 2406 566 2480 pertatem
586 2392 720 2463 semeae
740 2404 791 2462 siti
811 2405 1004 2475 laboramus;
1025 2408 1061 2464 ut
1079 2408 1199 2464 taceam
1218 2404 1344 2463 interim

412 2516 568 2574 nusquam
589 2516 651 2557 non
673 2500 788 2558 culices
811 2502 842 2559 et
862 2517 988 2558 muscas
1010 2501 1099 2558 nobis
1115 2499 1299 2558 obvelantes
1314 2502 1344 2558 et

372 2610 398 2651 rc
412 2595 632 2671 corpusculum
653 2599 859 2670 exsugentes3
880 2596 972 2653 nocte
993 2611 1067 2653 vero
1090 2611 1158 2652 cum
1181 2594 1343 2653 cimicibus

412 2707 448 2749 ac
478 2690 634 2765 pulicibus
665 2690 781 2749 bellum
813 2690 960 2765 gerimus.
1016 2690 1063 2747 Ad
1096 2690 1175 2747 haec
1210 2689 1343 2748 miseros

412 2788 571 2845 exterrent
600 2786 663 2844 iam
688 2785 824 2860 fulgura,
857 2787 918 2845 iam
939 2784 1080 2853 fulmina,
1112 2785 1175 2843 iam
1196 2784 1342 2843 tonitrua.

411 2879 482 2938 Mox
503 2883 534 2939 et
554 2883 723 2939 autumnus
740 2883 890 2939 sexcenta
904 2880 1082 2938 morborum
1102 2896 1220 2955 genera
1242 2879 1342 2939 effun-

412 2977 473 3043 det,
505 2992 729 3049 nonnunquam
755 2976 933 3033 morborum
960 2975 1097 3033 omnium
1123 2975 1343 3049 pestilentissi-

372 3085 398 3126 25
411 3088 497 3129 mum
518 3073 649 3146 pestem.
690 3071 786 3139 Adde,
809 3071 890 3144 quod
905 3071 998 3128 huius
1014 3069 1162 3144 temporis
1178 3071 1344 3130 occasione

410 3165 550 3240 plerique
582 3165 681 3223 nostri
712 3166 839 3234 ordinis,
872 3167 946 3224 dum
975 3165 1063 3224 stulti
1091 3164 1208 3240 frigida
1237 3165 1343 3225 lavare

411 3260 528 3328 volunt,
560 3261 593 3318 in
618 3260 735 3334 rapidis
766 3261 797 3319 et
828 3259 998 3335 profundis.
1022 3259 1204 3318 fluminibus
1231 3261 1344 3336 capitis

411 3356 562 3414 iacturam
583 3355 710 3414 iaciunt.

490 3449 714 3508 Gulielmus.
760 3450 801 3507 At
826 3452 861 3507 tu
881 3453 1012 3509 naturae
1033 3467 1145 3525 parum
1166 3452 1277 3525 gratus
1298 3451 1343 3509 in·

371 3546 573 3603 accommoda
612 3545 745 3618 quidem,
787 3562 868 3618 quae
902 3562 1009 3603 secum
1043 3545 1190 3603 adierunt
1231 3545 1344 3603 aestivi

411 3657 546 3707 menses
581 3642 727 3698 accurate
757 3657 914 3708 recenses,
951 3641 1113 3699 commoda
1143 3656 1227 3706 vero,
1263 3657 1344 3714 quac

412 3735 505 3793 simul
525 3737 677 3809 praestat,
698 3736 861 3809 praeteria.

490 3830 697 3888 Cornelius
740 3829 825 3901 Quae
847 3847 884 3889 ea
906 3832 988 3897 sunt,
1011 3829 1147 3904 quaeso?

491 3923 714 3983 Gulielmus.
755 3924 879 3999 Rogas?
930 3924 1068 3983 Primum
1093 3940 1151 3982 nec
1185 3924 1259 3999 igne
1285 3940 1344 3982 nec
