3234 4617
744 493 948 552 uoseiunuvs.

479 692 512 751 P.
534 687 908 773 Mosellanusdiscipulis
930 694 997 751 suis
1020 694 1168 753 salutem.

482 785 753 871 Principio‘etiam
774 790 868 861 atque
890 789 985 848 etiam
1013 790 1186 849 curandum
1214 793 1273 860 est,
1300 809 1342 851 ne

404 884 477 957 quid
498 881 734 958 tempus'nobis
761 900 819 941 scu
844 899 906 941 non
928 884 1165 943 advertentibus
1187 886 1341 957 elabatur,

404 979 550 1062 videlicet
571 967 653 1053 quod
679 995 737 1037 nec
763 980 876 1037 studiis
898 995 956 1038 nec
987 980 1072 1038 uitae
1099 981 1260 1040 honestati
1282 1000 1341 1042 nec

376 1074 574 1132 avale-tudini
606 1075 762 1132 curandae
793 1075 1000 1148 impendatur.
1065 1074 1273 1146 Quamobrem
1306 1080 1341 1137 ut

404 1153 575 1250 certa'sstibi
609 1171 747 1227 omnium
777 1171 856 1227 ratio
889 1171 1020 1238 constet,
1052 1171 1134 1229 diem
1164 1172 1196 1229 in
1226 1173 1342 1247 viginti

398 1258 551 1337 quattuor
581 1265 674 1323 horas
707 1266 890 1323 distractam
923 1266 1035 1340 cogita.
1081 1265 1216 1337 Quarum
1238 1268 1342 1342 prima

358 1354 477 1433 ·'.'·pars
509 1360 629 1428 studiis,
664 1361 763 1419 altera
797 1359 940 1418 civilitati
964 1377 1001 1419 ac
1034 1361 1215 1430 valetudini,
1247 1364 1341 1423 tertia

315 1456 338 1528 ‘s
371 1467 436 1521 [me]
457 1472 566 1512 somno
582 1455 685 1514 danda
699 1456 766 1513 erit.
792 1455 857 1513 Hoc
873 1473 953 1513 com·
973 1454 977 1529 l
995 1455 1165 1522 madefiat,
1181 1457 1208 1514 si
1223 1474 1242 1514 a
1256 1475 1341 1517 nona

335 1548 350 1590 “-
368 1551 587 1624 rovespertina
621 1551 660 1608 ad
694 1553 837 1625 quartam
871 1568 971 1625 usque
1005 1552 1194 1610 matutinam
1229 1569 1339 1612 somno

403 1646 564 1703 recreatus
585 1645 669 1703 lente
691 1662 853 1720 exsurgas
876 1647 949 1704 ante
964 1646 1111 1703 nimirum
1126 1647 1190 1704 toto
1207 1663 1340 1723 corpore

403 1740 525 1813 palmis,
558 1742 659 1814 capite
680 1757 754 1799 vero
786 1743 818 1798 et
847 1741 1006 1815 unguibus
1038 1740 1152 1799 leniter
1178 1741 1338 1816 perfricta.

403 1835 483 1893 Nam
498 1836 557 1893 hac
572 1837 692 1894 ratione
704 1836 805 1893 noxiis
820 1836 989 1910 vaporibus
1005 1836 1107 1894 exitus
1127 1853 1184 1910 per
1197 1837 1339 1898 occultos

403 1931 613 1988 membrorum
643 1932 765 1988 meatus
796 1933 934 2004 paratur.
976 1929 1054 1988 Hinc
1092 1948 1214 2000 manus
1247 1934 1339 2002 oculi,

366 2039 390 2081 15
403 2025 512 2100 lingua
527 2026 621 2083 etiam
635 2043 655 2084 a
668 2026 813 2084 sordibus
829 2025 1005 2083 abluantur.
1044 2024 1192 2085 Pectatur
1206 2028 1340 2103 capillus

403 2121 495 2195 idque
529 2122 707 2179 accuratius
741 2122 866 2196 pectine
897 2121 1085 2194 aliquotiens
1120 2139 1139 2180 a
1171 2122 1275 2182 fronte
1305 2124 1338 2181 in

403 2217 583 2290 occipitium
604 2217 706 2275 ducto.
738 2216 813 2274 Post
834 2217 861 2274 si
888 2216 956 2274 eius
988 2218 1181 2275 consuetudo
1213 2235 1337 2292 quoquo

402 2312 493 2369 modo
515 2312 620 2370 induci
641 2313 753 2387 potest,
785 2312 948 2370 deicienda
973 2312 1093 2370 ventris
1125 2315 1157 2371 et
1183 2313 1260 2371 item
1280 2330 1339 2389 per

404 2409 532 2480 sputum
559 2409 590 2465 et
611 2425 704 2465 nares
730 2408 843 2481 capitis
865 2408 1073 2465 excrementa.
1114 2407 1194 2466 Nam
1215 2410 1247 2467 et
1267 2426 1337 2485 per·

364 2516 391 2558 20
404 2504 534 2577 potuum
556 2503 729 2561 studiorum
751 2505 890 2561 tenorem
907 2503 1158 2561 conservandum
1173 2504 1251 2561 nihil
1271 2504 1338 2563 tam

404 2598 549 2655 conducit
570 2615 663 2671 quam
685 2615 799 2672 corpus
821 2598 860 2656 ab
881 2597 1044 2656 inutilibus
1059 2598 1216 2675 oneribus,
1238 2615 1336 2672 quan·

403 2696 469 2750 tum
489 2693 571 2759 licet,
594 2710 718 2768 semper
738 2693 877 2751 levatum
901 2693 1026 2751 habere.
1061 2692 1131 2749 Mox
1155 2693 1337 2766 precatione

403 2788 456 2861 pia
476 2790 508 2846 te
522 2790 639 2862 tuaque
655 2790 760 2847 studia
774 2790 879 2847 omnia
894 2787 1019 2846 Christo
1041 2787 1223 2846 commenda
1242 2790 1337 2862 atque

402 2886 438 2940 ut
471 2883 523 2941 ille
557 2886 688 2942 conatus
720 2888 790 2942 tuos
826 2884 940 2957 dirigat
974 2900 1036 2941 ora.
1101 2882 1156 2940 His
1190 2884 1336 2943 omnibus

363 2990 390 3033 25
404 2979 541 3052 spatium
572 2980 656 3037 inter
674 2981 817 3053 quartam
849 2980 881 3037 et
901 2979 1042 3052 quintam
1067 2976 1217 3035 iniectum
1241 2977 1338 3037 faciet

404 3074 490 3132 satie.
532 3074 635 3132 Habes
651 3075 690 3132 de
705 3075 797 3132 tertia
813 3074 874 3132 diei
888 3075 978 3148 parte
992 3088 1102 3131 somno
1117 3071 1336 3148 impendenda.

481 3168 570 3226 Nunc
586 3170 624 3226 de
639 3169 786 3226 secunda.
813 3168 893 3226 Nam
908 3185 927 3226 a
941 3168 1050 3242 quinta
1064 3167 1103 3225 ad
1118 3183 1233 3225 nonam
1248 3170 1336 3241 quat-

360 3278 363 3285 ·
404 3264 475 3321 tuor
495 3266 569 3321 sunt
595 3264 699 3322 horae.
751 3262 838 3334 Quod
865 3265 989 3336 tempus
1021 3263 1121 3320 totum
1146 3262 1259 3319 studiis
1285 3263 1337 3321 de·

373 3373 433 3427 [aaa]
455 3361 553 3418 betur.
596 3359 658 3418 Sed
680 3360 753 3433 quid
779 3374 902 3432 quaque
923 3358 1000 3416 hora
1020 3356 1076 3414 tibi
1097 3356 1147 3415 vel
1166 3354 1169 3431 Ι
1189 3357 1271 3414 domi
1292 3358 1336 3415 di·

362 3469 390 3511 ac
404 3458 555 3513 scendum
589 3455 639 3513 vel
669 3454 746 3512 ioris
781 3455 1023 3527 apraeceptore
1058 3452 1250 3510 audiendum
1285 3452 1336 3521 sit,

403 3551 586 3625 singillatim
616 3550 788 3624 praescribi
820 3566 882 3606 non
913 3549 1026 3622 potest,
1058 3538 1227 3621 propterea
1254 3548 1338 3621 quod

403 3646 555 3704 eiusmodi
598 3646 797 3704 occasionum
838 3660 955 3715 magna
995 3645 1044 3701 est
1075 3642 1270 3711 vicissitude,
1301 3644 1339 3701 ut

403 3758 465 3816 qua
479 3742 557 3800 hora
569 3742 659 3799 modo
675 3741 783 3799 audire
798 3740 955 3807 convenit,
977 3739 1054 3797 alias
1069 3738 1171 3813 magis
1186 3740 1339 3814 appareat

403 3834 581 3892 consultum
612 3834 695 3891 domi
720 3834 849 3891 discere.
892 3832 1023 3891 Proinde
1048 3834 1130 3892 hanc
1151 3833 1359 3909 dispensan·'

358 3942 389 3984 „a
401 3930 511 3987 darum
531 3929 682 3988 borarum
703 3929 857 3988 rationem
878 3928 939 3987 sibi
960 3929 1093 4003 quisque
1113 3944 1169 4004 pro
1190 3928 1241 3987 sui
1254 3944 1337 3987 com·
