<?xml version="1.0" encoding="UTF-8"?>
<!DOCTYPE html PUBLIC "-//W3C//DTD XHTML 1.0 Transitional//EN"
    "http://www.w3.org/TR/xhtml1/DTD/xhtml1-transitional.dtd">
<html xmlns="http://www.w3.org/1999/xhtml" xml:lang="en" lang="en">
 <head>
  <title>
</title>
<meta http-equiv="Content-Type" content="text/html;charset=utf-8" />
  <meta name='ocr-system' content='tesseract 3.04.00' />
  <meta name='ocr-capabilities' content='ocr_page ocr_carea ocr_par ocr_line ocrx_word'/>
</head>
<body>
  <div class='ocr_page' id='page_1' title='image "./petrvsmosellanv01schagoog_0066.png"; bbox 0 0 3234 4617; ppageno 0'>
   <div class='ocr_carea' id='block_1_1' title="bbox 647 448 1059 501">
    <p class='ocr_par' dir='ltr' id='par_1_1' title="bbox 647 448 1059 501">
     <span class='ocr_line' id='line_1_1' title="bbox 647 448 1059 501; baseline -0.002 -8"><span class='ocrx_word' id='word_1_1' title='bbox 647 449 850 501; x_wconf 79' lang='lat' dir='ltr'><strong>MOSELLANVS.</strong></span> <span class='ocrx_word' id='word_1_2' title='bbox 863 448 1059 493; x_wconf 74' lang='lat' dir='ltr'>Pnssnouooul.</span> 
     </span>
    </p>
   </div>
   <div class='ocr_carea' id='block_1_2' title="bbox 292 630 1345 3634">
    <p class='ocr_par' dir='ltr' id='par_1_2' title="bbox 483 630 1104 708">
     <span class='ocr_line' id='line_1_2' title="bbox 483 630 1104 708; baseline 0.002 -16"><span class='ocrx_word' id='word_1_3' title='bbox 483 633 767 708; x_wconf 84' lang='lat' dir='ltr'>Ludimagister.</span> <span class='ocrx_word' id='word_1_4' title='bbox 810 632 889 705; x_wconf 89' lang='lat' dir='ltr'>Quin</span> <span class='ocrx_word' id='word_1_5' title='bbox 909 634 971 692; x_wconf 92' lang='lat' dir='ltr'>huc</span> <span class='ocrx_word' id='word_1_6' title='bbox 992 630 1104 694; x_wconf 71' lang='lat' dir='ltr'>adest?</span> 
     </span>
    </p>

    <p class='ocr_par' dir='ltr' id='par_1_3' title="bbox 483 729 1070 796">
     <span class='ocr_line' id='line_1_3' title="bbox 483 729 1070 796; baseline -0.003 -7"><span class='ocrx_word' id='word_1_7' title='bbox 483 729 681 790; x_wconf 81' lang='lat' dir='ltr'>Pendulus.</span> <span class='ocrx_word' id='word_1_8' title='bbox 722 729 795 796; x_wconf 88' lang='lat' dir='ltr'>lam,</span> <span class='ocrx_word' id='word_1_9' title='bbox 818 729 1070 789; x_wconf 74' lang='grc'><strong>1010010011.-</strong></span> 
     </span>
    </p>

    <p class='ocr_par' dir='ltr' id='par_1_4' title="bbox 404 823 1340 996">
     <span class='ocr_line' id='line_1_4' title="bbox 482 823 1340 899; baseline -0.001 -16"><span class='ocrx_word' id='word_1_10' title='bbox 482 824 627 883; x_wconf 89' lang='lat' dir='ltr'>Petrus.</span> <span class='ocrx_word' id='word_1_11' title='bbox 678 823 781 891; x_wconf 86' lang='lat' dir='ltr'>Salve,</span> <span class='ocrx_word' id='word_1_12' title='bbox 817 827 1002 899; x_wconf 89' lang='lat' dir='ltr'>praeceptor</span> <span class='ocrx_word' id='word_1_13' title='bbox 1041 825 1167 899; x_wconf 90' lang='lat' dir='ltr'>optime.</span> <span class='ocrx_word' id='word_1_14' title='bbox 1218 823 1340 882; x_wconf 81' lang='lat' dir='ltr'>Avocor</span> 
     </span>
     <span class='ocr_line' id='line_1_5' title="bbox 404 918 1338 996; baseline -0.003 -17"><span class='ocrx_word' id='word_1_15' title='bbox 404 920 478 987; x_wconf 87' lang='lat' dir='ltr'>hinc</span> <span class='ocrx_word' id='word_1_16' title='bbox 498 920 531 979; x_wconf 90' lang='lat' dir='ltr'>in</span> <span class='ocrx_word' id='word_1_17' title='bbox 551 920 686 996; x_wconf 89' lang='lat' dir='ltr'>patriam</span> <span class='ocrx_word' id='word_1_18' title='bbox 706 919 796 978; x_wconf 88' lang='lat' dir='ltr'>seriis</span> <span class='ocrx_word' id='word_1_19' title='bbox 816 922 984 993; x_wconf 89' lang='lat' dir='ltr'>parentum</span> <span class='ocrx_word' id='word_1_20' title='bbox 996 936 1138 979; x_wconf 90' lang='lat' dir='ltr'>meorum</span> <span class='ocrx_word' id='word_1_21' title='bbox 1146 918 1277 987; x_wconf 87' lang='lat' dir='ltr'>litteris,</span> <span class='ocrx_word' id='word_1_22' title='bbox 1299 919 1338 985; x_wconf 86' lang='grc'>01,</span> 
     </span>
    </p>

    <p class='ocr_par' dir='ltr' id='par_1_5' title="bbox 379 1014 1339 1469">
     <span class='ocr_line' id='line_1_6' title="bbox 379 1014 1339 1089; baseline -0.001 -18"><span class='ocrx_word' id='word_1_23' title='bbox 379 1017 433 1074; x_wconf 81' lang='grc'>031</span> <span class='ocrx_word' id='word_1_24' title='bbox 454 1032 517 1074; x_wconf 91' lang='lat' dir='ltr'>nen</span> <span class='ocrx_word' id='word_1_25' title='bbox 538 1031 695 1082; x_wconf 84' lang='lat' dir='ltr'>evocarer,</span> <span class='ocrx_word' id='word_1_26' title='bbox 725 1014 796 1089; x_wconf 89' lang='lat' dir='ltr'>ipsa</span> <span class='ocrx_word' id='word_1_27' title='bbox 817 1017 923 1074; x_wconf 91' lang='lat' dir='ltr'>tamen</span> <span class='ocrx_word' id='word_1_28' title='bbox 954 1015 1036 1073; x_wconf 89' lang='lat' dir='ltr'>aeris</span> <span class='ocrx_word' id='word_1_29' title='bbox 1058 1015 1185 1089; x_wconf 83' lang='lat' dir='ltr'>egestas</span> <span class='ocrx_word' id='word_1_30' title='bbox 1212 1015 1243 1072; x_wconf 90' lang='lat' dir='ltr'>et</span> <span class='ocrx_word' id='word_1_31' title='bbox 1264 1014 1339 1071; x_wconf 94' lang='lat' dir='ltr'>item</span> 
     </span>
     <span class='ocr_line' id='line_1_7' title="bbox 406 1109 1339 1184; baseline -0.001 -17"><span class='ocrx_word' id='word_1_32' title='bbox 406 1110 533 1169; x_wconf 84' lang='lat' dir='ltr'>nuditas</span> <span class='ocrx_word' id='word_1_33' title='bbox 554 1110 680 1169; x_wconf 91' lang='lat' dir='ltr'>domum</span> <span class='ocrx_word' id='word_1_34' title='bbox 701 1109 829 1184; x_wconf 85' lang='lat' dir='ltr'>abigere</span> <span class='ocrx_word' id='word_1_35' title='bbox 849 1126 900 1167; x_wconf 93' lang='lat' dir='ltr'>me</span> <span class='ocrx_word' id='word_1_36' title='bbox 917 1112 1057 1184; x_wconf 85' lang='lat' dir='ltr'>possent.</span> <span class='ocrx_word' id='word_1_37' title='bbox 1098 1109 1205 1183; x_wconf 90' lang='lat' dir='ltr'>ltaque</span> <span class='ocrx_word' id='word_1_38' title='bbox 1219 1109 1339 1183; x_wconf 80' lang='lat' dir='ltr'>gratias</span> 
     </span>
     <span class='ocr_line' id='line_1_8' title="bbox 407 1203 1339 1279; baseline 0 -17"><span class='ocrx_word' id='word_1_39' title='bbox 407 1221 466 1279; x_wconf 88' lang='lat' dir='ltr'>ago</span> <span class='ocrx_word' id='word_1_40' title='bbox 502 1204 558 1263; x_wconf 91' lang='lat' dir='ltr'>tibi</span> <span class='ocrx_word' id='word_1_41' title='bbox 591 1203 793 1272; x_wconf 89' lang='lat' dir='ltr'>immortales,</span> <span class='ocrx_word' id='word_1_42' title='bbox 832 1204 1112 1263; x_wconf 80' lang='lat' dir='ltr'>observantissime</span> <span class='ocrx_word' id='word_1_43' title='bbox 1145 1207 1339 1279; x_wconf 86' lang='lat' dir='ltr'>praeceptor,</span> 
     </span>
     <span class='ocr_line' id='line_1_9' title="bbox 407 1298 1339 1374; baseline 0 -17"><span class='ocrx_word' id='word_1_44' title='bbox 407 1299 489 1373; x_wconf 92' lang='lat' dir='ltr'>quod</span> <span class='ocrx_word' id='word_1_45' title='bbox 509 1316 559 1357; x_wconf 93' lang='lat' dir='ltr'>me</span> <span class='ocrx_word' id='word_1_46' title='bbox 579 1299 714 1374; x_wconf 91' lang='lat' dir='ltr'>primum</span> <span class='ocrx_word' id='word_1_47' title='bbox 733 1300 766 1357; x_wconf 91' lang='lat' dir='ltr'>in</span> <span class='ocrx_word' id='word_1_48' title='bbox 787 1302 874 1358; x_wconf 88' lang='lat' dir='ltr'>tuam</span> <span class='ocrx_word' id='word_1_49' title='bbox 895 1299 1092 1374; x_wconf 82' lang='lat' dir='ltr'>disciplinam</span> <span class='ocrx_word' id='word_1_50' title='bbox 1111 1298 1339 1357; x_wconf 83' lang='lat' dir='ltr'>humanissime</span> 
     </span>
     <span class='ocr_line' id='line_1_10' title="bbox 407 1392 1339 1469; baseline 0 -18"><span class='ocrx_word' id='word_1_51' title='bbox 407 1394 545 1467; x_wconf 89' lang='lat' dir='ltr'>recipere</span> <span class='ocrx_word' id='word_1_52' title='bbox 567 1394 714 1469; x_wconf 88' lang='lat' dir='ltr'>dignatus</span> <span class='ocrx_word' id='word_1_53' title='bbox 740 1410 784 1461; x_wconf 89' lang='lat' dir='ltr'>es,</span> <span class='ocrx_word' id='word_1_54' title='bbox 817 1393 929 1453; x_wconf 88' lang='lat' dir='ltr'>deiude</span> <span class='ocrx_word' id='word_1_55' title='bbox 960 1410 999 1453; x_wconf 85' lang='lat' dir='ltr'>ex</span> <span class='ocrx_word' id='word_1_56' title='bbox 1024 1410 1084 1469; x_wconf 90' lang='lat' dir='ltr'>quo</span> <span class='ocrx_word' id='word_1_57' title='bbox 1114 1397 1188 1452; x_wconf 91' lang='lat' dir='ltr'>tuae</span> <span class='ocrx_word' id='word_1_58' title='bbox 1213 1392 1339 1452; x_wconf 87' lang='lat' dir='ltr'>scholae</span> 
     </span>
    </p>

    <p class='ocr_par' dir='ltr' id='par_1_6' title="bbox 370 1484 1339 1941">
     <span class='ocr_line' id='line_1_11' title="bbox 370 1484 1339 1546; baseline 0.007 -7"><span class='ocrx_word' id='word_1_59' title='bbox 370 1499 394 1540; x_wconf 90' lang='lat'>10</span> <span class='ocrx_word' id='word_1_60' title='bbox 406 1484 452 1544; x_wconf 83' lang='lat' dir='ltr'>lui</span> <span class='ocrx_word' id='word_1_61' title='bbox 473 1486 610 1544; x_wconf 80' lang='lat' dir='ltr'>sectator</span> <span class='ocrx_word' id='word_1_62' title='bbox 630 1487 662 1543; x_wconf 91' lang='grc'>01</span> <span class='ocrx_word' id='word_1_63' title='bbox 681 1484 817 1544; x_wconf 79' lang='lat' dir='ltr'>fideliter</span> <span class='ocrx_word' id='word_1_64' title='bbox 837 1489 869 1544; x_wconf 91' lang='lat' dir='ltr'>et</span> <span class='ocrx_word' id='word_1_65' title='bbox 883 1488 1029 1545; x_wconf 90' lang='lat' dir='ltr'>accurate</span> <span class='ocrx_word' id='word_1_66' title='bbox 1044 1489 1109 1546; x_wconf 89' lang='lat' dir='ltr'>tam</span> <span class='ocrx_word' id='word_1_67' title='bbox 1123 1487 1235 1546; x_wconf 91' lang='lat' dir='ltr'>litteris</span> <span class='ocrx_word' id='word_1_68' title='bbox 1248 1488 1339 1546; x_wconf 90' lang='lat' dir='ltr'>bonis</span> 
     </span>
     <span class='ocr_line' id='line_1_12' title="bbox 407 1580 1339 1657; baseline 0.003 -19"><span class='ocrx_word' id='word_1_69' title='bbox 407 1596 501 1653; x_wconf 88' lang='lat' dir='ltr'>quam</span> <span class='ocrx_word' id='word_1_70' title='bbox 522 1580 615 1639; x_wconf 87' lang='lat' dir='ltr'>rectis</span> <span class='ocrx_word' id='word_1_71' title='bbox 635 1581 775 1639; x_wconf 90' lang='lat' dir='ltr'>moribus</span> <span class='ocrx_word' id='word_1_72' title='bbox 796 1581 933 1656; x_wconf 82' lang='lat' dir='ltr'>expolire</span> <span class='ocrx_word' id='word_1_73' title='bbox 952 1582 1108 1641; x_wconf 90' lang='lat' dir='ltr'>studuisti.</span> <span class='ocrx_word' id='word_1_74' title='bbox 1149 1581 1243 1641; x_wconf 92' lang='lat' dir='ltr'>Porro</span> <span class='ocrx_word' id='word_1_75' title='bbox 1258 1584 1339 1657; x_wconf 87' lang='lat' dir='ltr'>qnia,</span> 
     </span>
     <span class='ocr_line' id='line_1_13' title="bbox 407 1675 1339 1751; baseline 0.003 -18"><span class='ocrx_word' id='word_1_76' title='bbox 407 1677 442 1733; x_wconf 94' lang='lat' dir='ltr'>ut</span> <span class='ocrx_word' id='word_1_77' title='bbox 463 1675 533 1742; x_wconf 87' lang='lat' dir='ltr'>dixi,</span> <span class='ocrx_word' id='word_1_78' title='bbox 555 1692 618 1734; x_wconf 91' lang='lat' dir='ltr'>non</span> <span class='ocrx_word' id='word_1_79' title='bbox 638 1675 772 1750; x_wconf 89' lang='lat' dir='ltr'>amplius</span> <span class='ocrx_word' id='word_1_80' title='bbox 786 1676 838 1734; x_wconf 93' lang='lat' dir='ltr'>hic</span> <span class='ocrx_word' id='word_1_81' title='bbox 857 1677 971 1735; x_wconf 93' lang='lat' dir='ltr'>morari</span> <span class='ocrx_word' id='word_1_82' title='bbox 991 1676 1073 1746; x_wconf 88' lang='lat' dir='ltr'>licet,</span> <span class='ocrx_word' id='word_1_83' title='bbox 1095 1694 1189 1751; x_wconf 91' lang='lat' dir='ltr'>quam</span> <span class='ocrx_word' id='word_1_84' title='bbox 1208 1694 1339 1751; x_wconf 90' lang='lat' dir='ltr'>possum</span> 
     </span>
     <span class='ocr_line' id='line_1_14' title="bbox 408 1771 1339 1845; baseline 0.004 -17"><span class='ocrx_word' id='word_1_85' title='bbox 408 1773 550 1829; x_wconf 90' lang='lat' dir='ltr'>amenter</span> <span class='ocrx_word' id='word_1_86' title='bbox 575 1788 636 1839; x_wconf 91' lang='lat' dir='ltr'>oro,</span> <span class='ocrx_word' id='word_1_87' title='bbox 664 1774 700 1829; x_wconf 90' lang='lat' dir='ltr'>ut</span> <span class='ocrx_word' id='word_1_88' title='bbox 724 1788 787 1845; x_wconf 88' lang='lat' dir='ltr'>qua</span> <span class='ocrx_word' id='word_1_89' title='bbox 811 1771 1006 1831; x_wconf 88' lang='lat' dir='ltr'>humanitate</span> <span class='ocrx_word' id='word_1_90' title='bbox 1033 1789 1083 1831; x_wconf 93' lang='lat' dir='ltr'>me</span> <span class='ocrx_word' id='word_1_91' title='bbox 1103 1773 1258 1832; x_wconf 90' lang='lat' dir='ltr'>hactenus</span> <span class='ocrx_word' id='word_1_92' title='bbox 1279 1776 1339 1832; x_wconf 89' lang='lat' dir='ltr'>tra-</span> 
     </span>
     <span class='ocr_line' id='line_1_15' title="bbox 409 1865 1338 1941; baseline 0.002 -18"><span class='ocrx_word' id='word_1_93' title='bbox 409 1866 509 1932; x_wconf 86' lang='lat' dir='ltr'>ctasti,</span> <span class='ocrx_word' id='word_1_94' title='bbox 551 1865 661 1924; x_wconf 90' lang='lat' dir='ltr'>eadem</span> <span class='ocrx_word' id='word_1_95' title='bbox 694 1867 725 1924; x_wconf 90' lang='lat' dir='ltr'>et</span> <span class='ocrx_word' id='word_1_96' title='bbox 757 1865 913 1941; x_wconf 84' lang='lat' dir='ltr'>migrandi</span> <span class='ocrx_word' id='word_1_97' title='bbox 945 1870 1135 1941; x_wconf 89' lang='lat' dir='ltr'>potestatem</span> <span class='ocrx_word' id='word_1_98' title='bbox 1176 1867 1338 1927; x_wconf 91' lang='lat' dir='ltr'>concedas.</span> 
     </span>
    </p>

    <p class='ocr_par' dir='ltr' id='par_1_7' title="bbox 370 1958 1340 2130">
     <span class='ocr_line' id='line_1_16' title="bbox 370 1958 1340 2037; baseline 0.008 -24"><span class='ocrx_word' id='word_1_99' title='bbox 370 1972 394 2014; x_wconf 86' lang='lat'>15</span> <span class='ocrx_word' id='word_1_100' title='bbox 407 1958 539 2028; x_wconf 87' lang='lat' dir='ltr'>Etenim,</span> <span class='ocrx_word' id='word_1_101' title='bbox 571 1961 709 2019; x_wconf 90' lang='lat' dir='ltr'>simodo</span> <span class='ocrx_word' id='word_1_102' title='bbox 730 1961 761 2019; x_wconf 92' lang='lat' dir='ltr'>id</span> <span class='ocrx_word' id='word_1_103' title='bbox 783 1978 861 2036; x_wconf 89' lang='lat' dir='ltr'>pace</span> <span class='ocrx_word' id='word_1_104' title='bbox 882 1961 939 2021; x_wconf 89' lang='lat' dir='ltr'>fiet</span> <span class='ocrx_word' id='word_1_105' title='bbox 960 1968 1023 2031; x_wconf 89' lang='lat' dir='ltr'>tua,</span> <span class='ocrx_word' id='word_1_106' title='bbox 1056 1979 1125 2022; x_wconf 90' lang='lat' dir='ltr'>cras</span> <span class='ocrx_word' id='word_1_107' title='bbox 1151 1962 1253 2037; x_wconf 90' lang='lat' dir='ltr'>prima</span> <span class='ocrx_word' id='word_1_108' title='bbox 1271 1962 1340 2021; x_wconf 91' lang='lat' dir='ltr'>luce</span> 
     </span>
     <span class='ocr_line' id='line_1_17' title="bbox 408 2054 801 2130; baseline 0.005 -19"><span class='ocrx_word' id='word_1_109' title='bbox 408 2054 467 2112; x_wconf 89' lang='lat' dir='ltr'>iter</span> <span class='ocrx_word' id='word_1_110' title='bbox 487 2071 597 2113; x_wconf 90' lang='lat' dir='ltr'>sumus</span> <span class='ocrx_word' id='word_1_111' title='bbox 617 2056 801 2130; x_wconf 83' lang='lat' dir='ltr'>ingressuri.</span> 
     </span>
    </p>

    <p class='ocr_par' dir='ltr' id='par_1_8' title="bbox 409 2148 1341 2415">
     <span class='ocr_line' id='line_1_18' title="bbox 485 2148 1341 2227; baseline 0.002 -20"><span class='ocrx_word' id='word_1_112' title='bbox 485 2148 774 2225; x_wconf 84' lang='lat' dir='ltr'>Ludimagister.</span> <span class='ocrx_word' id='word_1_113' title='bbox 827 2150 860 2209; x_wconf 85' lang='lat' dir='ltr'>Si</span> <span class='ocrx_word' id='word_1_114' title='bbox 891 2151 965 2225; x_wconf 87' lang='lat' dir='ltr'>quid</span> <span class='ocrx_word' id='word_1_115' title='bbox 996 2151 1066 2220; x_wconf 84' lang='lat' dir='ltr'>leci,</span> <span class='ocrx_word' id='word_1_116' title='bbox 1102 2152 1184 2225; x_wconf 90' lang='lat' dir='ltr'>quod</span> <span class='ocrx_word' id='word_1_117' title='bbox 1215 2153 1341 2227; x_wconf 86' lang='lat' dir='ltr'>gratum</span> 
     </span>
     <span class='ocr_line' id='line_1_19' title="bbox 409 2244 1341 2313; baseline 0.004 -12"><span class='ocrx_word' id='word_1_118' title='bbox 409 2244 457 2310; x_wconf 88' lang='lat' dir='ltr'>sit,</span> <span class='ocrx_word' id='word_1_119' title='bbox 483 2244 668 2303; x_wconf 84' lang='lat' dir='ltr'>adulescens</span> <span class='ocrx_word' id='word_1_120' title='bbox 693 2246 843 2313; x_wconf 88' lang='lat' dir='ltr'>studiose,</span> <span class='ocrx_word' id='word_1_121' title='bbox 871 2245 930 2304; x_wconf 92' lang='lat' dir='ltr'>hoc</span> <span class='ocrx_word' id='word_1_122' title='bbox 955 2248 1055 2304; x_wconf 91' lang='lat' dir='ltr'>totum</span> <span class='ocrx_word' id='word_1_123' title='bbox 1080 2263 1143 2305; x_wconf 92' lang='lat' dir='ltr'>non</span> <span class='ocrx_word' id='word_1_124' title='bbox 1170 2246 1254 2313; x_wconf 91' lang='lat' dir='ltr'>mihi,</span> <span class='ocrx_word' id='word_1_125' title='bbox 1285 2247 1341 2305; x_wconf 90' lang='lat' dir='ltr'>sed</span> 
     </span>
     <span class='ocr_line' id='line_1_20' title="bbox 409 2339 1340 2415; baseline 0.004 -19"><span class='ocrx_word' id='word_1_126' title='bbox 409 2341 620 2414; x_wconf 88' lang='lat' dir='ltr'>praeceptoris</span> <span class='ocrx_word' id='word_1_127' title='bbox 638 2339 741 2399; x_wconf 84' lang='grc'><strong>0111010</strong></span> <span class='ocrx_word' id='word_1_128' title='bbox 757 2339 841 2399; x_wconf 89' lang='lat' dir='ltr'>feres</span> <span class='ocrx_word' id='word_1_129' title='bbox 858 2342 1029 2415; x_wconf 89' lang='lat' dir='ltr'>acceptum.</span> <span class='ocrx_word' id='word_1_130' title='bbox 1067 2340 1219 2409; x_wconf 86' lang='lat' dir='ltr'>Ceterum,</span> <span class='ocrx_word' id='word_1_131' title='bbox 1242 2352 1340 2415; x_wconf 79' lang='lat' dir='ltr'>quan·</span> 
     </span>
    </p>

    <p class='ocr_par' dir='ltr' id='par_1_9' title="bbox 369 2434 1342 2510">
     <span class='ocr_line' id='line_1_21' title="bbox 369 2434 1342 2510; baseline 0.006 -21"><span class='ocrx_word' id='word_1_132' title='bbox 369 2447 396 2489; x_wconf 82' lang='lat'>20</span> <span class='ocrx_word' id='word_1_133' title='bbox 410 2434 447 2492; x_wconf 95' lang='lat' dir='ltr'>do</span> <span class='ocrx_word' id='word_1_134' title='bbox 474 2436 505 2492; x_wconf 93' lang='lat' dir='ltr'>te</span> <span class='ocrx_word' id='word_1_135' title='bbox 530 2434 603 2494; x_wconf 92' lang='lat' dir='ltr'>hinc</span> <span class='ocrx_word' id='word_1_136' title='bbox 629 2438 793 2510; x_wconf 89' lang='lat' dir='ltr'>parentum</span> <span class='ocrx_word' id='word_1_137' title='bbox 821 2436 934 2494; x_wconf 89' lang='lat' dir='ltr'>litteris</span> <span class='ocrx_word' id='word_1_138' title='bbox 956 2437 1081 2495; x_wconf 90' lang='lat' dir='ltr'>avocari</span> <span class='ocrx_word' id='word_1_139' title='bbox 1107 2436 1193 2504; x_wconf 89' lang='lat' dir='ltr'>dicis,</span> <span class='ocrx_word' id='word_1_140' title='bbox 1220 2436 1272 2495; x_wconf 87' lang='lat' dir='ltr'>abi</span> <span class='ocrx_word' id='word_1_141' title='bbox 1292 2453 1342 2496; x_wconf 91' lang='lat' dir='ltr'>me</span> 
     </span>
    </p>

    <p class='ocr_par' dir='ltr' id='par_1_10' title="bbox 292 2516 1342 2685">
     <span class='ocr_line' id='line_1_22' title="bbox 292 2516 1342 2606; baseline 0.002 -19"><span class='ocrx_word' id='word_1_142' title='bbox 292 2521 296 2530; x_wconf 84' lang='lat'>&#39;</span> <span class='ocrx_word' id='word_1_143' title='bbox 325 2516 327 2520; x_wconf 58' lang='grc'>’</span> <span class='ocrx_word' id='word_1_144' title='bbox 410 2530 610 2604; x_wconf 87' lang='lat' dir='ltr'>permittente</span> <span class='ocrx_word' id='word_1_145' title='bbox 634 2531 725 2589; x_wconf 91' lang='lat' dir='ltr'>bonis</span> <span class='ocrx_word' id='word_1_146' title='bbox 748 2532 869 2600; x_wconf 70' lang='lat' dir='ltr'>avibus</span> <span class='ocrx_word' id='word_1_147' title='bbox 892 2547 1087 2605; x_wconf 91' lang='lat' dir='ltr'>quocumque</span> <span class='ocrx_word' id='word_1_148' title='bbox 1108 2537 1139 2590; x_wconf 91' lang='lat' dir='ltr'>te</span> <span class='ocrx_word' id='word_1_149' title='bbox 1159 2531 1210 2590; x_wconf 90' lang='lat' dir='ltr'>vel</span> <span class='ocrx_word' id='word_1_150' title='bbox 1231 2548 1342 2606; x_wconf 89' lang='lat' dir='ltr'>paren·</span> 
     </span>
     <span class='ocr_line' id='line_1_23' title="bbox 410 2625 1290 2685; baseline 0.002 -3"><span class='ocrx_word' id='word_1_151' title='bbox 410 2632 459 2682; x_wconf 89' lang='grc'>103</span> <span class='ocrx_word' id='word_1_152' title='bbox 480 2629 596 2683; x_wconf 88' lang='lat' dir='ltr'>vocant</span> <span class='ocrx_word' id='word_1_153' title='bbox 616 2625 667 2684; x_wconf 94' lang='lat' dir='ltr'>vel</span> <span class='ocrx_word' id='word_1_154' title='bbox 687 2627 804 2684; x_wconf 88' lang='lat' dir='ltr'>rectius</span> <span class='ocrx_word' id='word_1_155' title='bbox 825 2625 933 2685; x_wconf 87' lang='lat' dir='ltr'>forsan</span> <span class='ocrx_word' id='word_1_156' title='bbox 955 2625 1118 2684; x_wconf 91' lang='lat' dir='ltr'>consilium</span> <span class='ocrx_word' id='word_1_157' title='bbox 1138 2625 1290 2685; x_wconf 88' lang='lat' dir='ltr'>hortatur.</span> 
     </span>
    </p>

    <p class='ocr_par' dir='ltr' id='par_1_11' title="bbox 413 2719 1343 2891">
     <span class='ocr_line' id='line_1_24' title="bbox 487 2719 1343 2795; baseline 0.001 -17"><span class='ocrx_word' id='word_1_158' title='bbox 487 2719 630 2778; x_wconf 80' lang='lat' dir='ltr'>Petrus</span> <span class='ocrx_word' id='word_1_159' title='bbox 672 2720 735 2779; x_wconf 86' lang='lat' dir='ltr'>Sed</span> <span class='ocrx_word' id='word_1_160' title='bbox 755 2721 826 2780; x_wconf 89' lang='lat' dir='ltr'>illac</span> <span class='ocrx_word' id='word_1_161' title='bbox 848 2738 909 2795; x_wconf 92' lang='lat' dir='ltr'>qua</span> <span class='ocrx_word' id='word_1_162' title='bbox 929 2722 988 2779; x_wconf 90' lang='lat' dir='ltr'>iter</span> <span class='ocrx_word' id='word_1_163' title='bbox 1009 2737 1079 2779; x_wconf 90' lang='lat' dir='ltr'>sum</span> <span class='ocrx_word' id='word_1_164' title='bbox 1093 2720 1244 2789; x_wconf 73' lang='lat' dir='ltr'>facturus</span> <span class='ocrx_word' id='word_1_165' title='bbox 1267 2723 1343 2779; x_wconf 91' lang='lat' dir='ltr'>ami·</span> 
     </span>
     <span class='ocr_line' id='line_1_25' title="bbox 413 2813 1343 2891; baseline 0.004 -20"><span class='ocrx_word' id='word_1_166' title='bbox 413 2830 508 2873; x_wconf 89' lang='lat' dir='ltr'>eosne</span> <span class='ocrx_word' id='word_1_167' title='bbox 529 2815 649 2890; x_wconf 90' lang='lat' dir='ltr'>aliquos</span> <span class='ocrx_word' id='word_1_168' title='bbox 669 2816 777 2884; x_wconf 89' lang='lat' dir='ltr'>habes,</span> <span class='ocrx_word' id='word_1_169' title='bbox 810 2833 888 2890; x_wconf 90' lang='lat' dir='ltr'>quos</span> <span class='ocrx_word' id='word_1_170' title='bbox 917 2816 1029 2875; x_wconf 87' lang='lat' dir='ltr'>litteris</span> <span class='ocrx_word' id='word_1_171' title='bbox 1055 2816 1192 2874; x_wconf 88' lang='lat' dir='ltr'>salutare</span> <span class='ocrx_word' id='word_1_172' title='bbox 1214 2813 1343 2891; x_wconf 70' lang='lat' dir='ltr'>cupias?</span> 
     </span>
    </p>

    <p class='ocr_par' dir='ltr' id='par_1_12' title="bbox 372 2907 1343 3078">
     <span class='ocr_line' id='line_1_26' title="bbox 372 2907 1343 2985; baseline 0.006 -21"><span class='ocrx_word' id='word_1_173' title='bbox 372 2922 397 2964; x_wconf 82' lang='lat'>25</span> <span class='ocrx_word' id='word_1_174' title='bbox 411 2907 666 2983; x_wconf 86' lang='lat' dir='ltr'>Quandoquidem</span> <span class='ocrx_word' id='word_1_175' title='bbox 696 2910 766 2984; x_wconf 88' lang='lat' dir='ltr'>ipse</span> <span class='ocrx_word' id='word_1_176' title='bbox 787 2909 965 2985; x_wconf 85' lang='lat' dir='ltr'>perferendi</span> <span class='ocrx_word' id='word_1_177' title='bbox 987 2926 1067 2968; x_wconf 90' lang='lat' dir='ltr'>onus</span> <span class='ocrx_word' id='word_1_178' title='bbox 1097 2911 1129 2968; x_wconf 90' lang='lat' dir='ltr'>in</span> <span class='ocrx_word' id='word_1_179' title='bbox 1154 2926 1205 2969; x_wconf 90' lang='lat' dir='ltr'>me</span> <span class='ocrx_word' id='word_1_180' title='bbox 1230 2911 1343 2970; x_wconf 91' lang='lat' dir='ltr'>lubens</span> 
     </span>
     <span class='ocr_line' id='line_1_27' title="bbox 410 3005 535 3078; baseline 0 -17"><span class='ocrx_word' id='word_1_181' title='bbox 410 3005 535 3078; x_wconf 88' lang='lat' dir='ltr'>recipio.</span> 
     </span>
    </p>

    <p class='ocr_par' dir='ltr' id='par_1_13' title="bbox 411 3098 1345 3363">
     <span class='ocr_line' id='line_1_28' title="bbox 487 3098 1343 3173; baseline 0.004 -16"><span class='ocrx_word' id='word_1_182' title='bbox 487 3098 777 3173; x_wconf 83' lang='lat' dir='ltr'>Ludimagister.</span> <span class='ocrx_word' id='word_1_183' title='bbox 817 3098 886 3157; x_wconf 88' lang='lat' dir='ltr'>Nou</span> <span class='ocrx_word' id='word_1_184' title='bbox 907 3101 1086 3171; x_wconf 91' lang='lat' dir='ltr'>admodum;</span> <span class='ocrx_word' id='word_1_185' title='bbox 1109 3103 1140 3158; x_wconf 92' lang='lat' dir='ltr'>et</span> <span class='ocrx_word' id='word_1_186' title='bbox 1159 3104 1195 3158; x_wconf 90' lang='lat' dir='ltr'>nt</span> <span class='ocrx_word' id='word_1_187' title='bbox 1209 3101 1343 3160; x_wconf 84' lang='lat' dir='ltr'>maxime</span> 
     </span>
     <span class='ocr_line' id='line_1_29' title="bbox 412 3194 1345 3269; baseline 0.001 -16"><span class='ocrx_word' id='word_1_188' title='bbox 412 3195 569 3261; x_wconf 87' lang='lat' dir='ltr'>haberem,</span> <span class='ocrx_word' id='word_1_189' title='bbox 611 3197 656 3252; x_wconf 92' lang='grc'>101</span> <span class='ocrx_word' id='word_1_190' title='bbox 690 3197 796 3253; x_wconf 91' lang='lat' dir='ltr'>tamen</span> <span class='ocrx_word' id='word_1_191' title='bbox 832 3194 899 3253; x_wconf 88' lang='lat' dir='ltr'>aliis</span> <span class='ocrx_word' id='word_1_192' title='bbox 938 3195 1072 3269; x_wconf 85' lang='lat' dir='ltr'>negotiis</span> <span class='ocrx_word' id='word_1_193' title='bbox 1098 3195 1131 3253; x_wconf 92' lang='lat' dir='ltr'>in</span> <span class='ocrx_word' id='word_1_194' title='bbox 1164 3197 1345 3269; x_wconf 90' lang='lat' dir='ltr'>praesentia</span> 
     </span>
     <span class='ocr_line' id='line_1_30' title="bbox 411 3287 1345 3363; baseline 0.002 -16"><span class='ocrx_word' id='word_1_195' title='bbox 411 3289 550 3347; x_wconf 89' lang='lat' dir='ltr'>districto</span> <span class='ocrx_word' id='word_1_196' title='bbox 581 3289 718 3347; x_wconf 90' lang='lat' dir='ltr'>scribere</span> <span class='ocrx_word' id='word_1_197' title='bbox 744 3306 806 3347; x_wconf 89' lang='lat' dir='ltr'>nen</span> <span class='ocrx_word' id='word_1_198' title='bbox 827 3294 963 3347; x_wconf 89' lang='lat' dir='ltr'>vacaret.</span> <span class='ocrx_word' id='word_1_199' title='bbox 1004 3287 1105 3359; x_wconf 88' lang='lat' dir='ltr'>Quare</span> <span class='ocrx_word' id='word_1_200' title='bbox 1126 3291 1169 3356; x_wconf 92' lang='lat' dir='ltr'>tu,</span> <span class='ocrx_word' id='word_1_201' title='bbox 1201 3290 1284 3363; x_wconf 92' lang='lat' dir='ltr'>quod</span> <span class='ocrx_word' id='word_1_202' title='bbox 1305 3292 1345 3350; x_wconf 91' lang='lat' dir='ltr'>ad</span> 
     </span>
    </p>

    <p class='ocr_par' dir='ltr' id='par_1_14' title="bbox 371 3384 1344 3555">
     <span class='ocr_line' id='line_1_31' title="bbox 371 3384 1344 3459; baseline 0.004 -19"><span class='ocrx_word' id='word_1_203' title='bbox 371 3398 398 3440; x_wconf 80' lang='lat' dir='ltr'>eo</span> <span class='ocrx_word' id='word_1_204' title='bbox 412 3384 533 3443; x_wconf 86' lang='lat' dir='ltr'>litteras</span> <span class='ocrx_word' id='word_1_205' title='bbox 555 3386 674 3454; x_wconf 89' lang='lat' dir='ltr'>attinet,</span> <span class='ocrx_word' id='word_1_206' title='bbox 698 3402 829 3443; x_wconf 89' lang='lat' dir='ltr'>securus</span> <span class='ocrx_word' id='word_1_207' title='bbox 852 3385 911 3443; x_wconf 87' lang='lat' dir='ltr'>iter</span> <span class='ocrx_word' id='word_1_208' title='bbox 932 3386 1131 3453; x_wconf 83' lang='lat' dir='ltr'>destinatum,</span> <span class='ocrx_word' id='word_1_209' title='bbox 1153 3386 1277 3459; x_wconf 90' lang='lat' dir='ltr'>quando</span> <span class='ocrx_word' id='word_1_210' title='bbox 1298 3386 1344 3444; x_wconf 89' lang='lat' dir='ltr'>lu-</span> 
     </span>
     <span class='ocr_line' id='line_1_32' title="bbox 410 3480 634 3555; baseline 0.004 -18"><span class='ocrx_word' id='word_1_211' title='bbox 410 3480 473 3549; x_wconf 87' lang='lat' dir='ltr'>bet,</span> <span class='ocrx_word' id='word_1_212' title='bbox 495 3497 634 3555; x_wconf 90' lang='lat' dir='ltr'>capesse.</span> 
     </span>
    </p>

    <p class='ocr_par' dir='ltr' id='par_1_15' title="bbox 488 3574 857 3634">
     <span class='ocr_line' id='line_1_33' title="bbox 488 3574 857 3634; baseline 0 -1"><span class='ocrx_word' id='word_1_213' title='bbox 488 3574 632 3634; x_wconf 89' lang='lat' dir='ltr'>Petrus.</span> <span class='ocrx_word' id='word_1_214' title='bbox 673 3574 857 3634; x_wconf 88' lang='lat' dir='ltr'>Benevale.</span> 
     </span>
    </p>
   </div>
   <div class='ocr_carea' id='block_1_3' title="bbox 774 3818 929 3826">
    <p class='ocr_par' dir='ltr' id='par_1_16' title="bbox 774 3818 929 3826">
     <span class='ocr_line' id='line_1_34' title="bbox 774 3818 929 3826; baseline 0 -1"><span class='ocrx_word' id='word_1_215' title='bbox 774 3818 929 3826; x_wconf 78' lang='lat'>———</span> 
     </span>
    </p>
   </div>
   <div class='ocr_carea' id='block_1_4' title="bbox 0 0 1631 4617">
    <p class='ocr_par' dir='ltr' id='par_1_17' title="bbox 0 0 1631 4617">
     <span class='ocr_line' id='line_1_35' title="bbox 0 0 1631 4617; baseline 0 0"><span class='ocrx_word' id='word_1_216' title='bbox 0 0 1631 4617; x_wconf 95' lang='lat' dir='ltr'> </span> 
     </span>
    </p>
   </div>
  </div>
 </body>
</html>
