3234 4617
312 523 350 582 25
597 518 1012 569 nosnunnnvsrnsnonoon.

325 710 386 766 [cn]
421 705 506 764 aliud
518 704 599 764 facio
614 703 699 772 nihil,
723 720 818 778 quam
832 704 915 777 quod
929 702 1120 762 ientaculum
1136 718 1185 761 ca·
1205 700 1208 776 Ι
1227 699 1297 776 pio?

363 801 413 860 An
434 802 469 859 tu
489 799 680 859 ientaculum
700 798 831 873 perinde
852 798 940 857 ducis
962 814 998 857 eo
1019 794 1198 872 piaculum?

441 895 639 955 Martinus.
681 892 777 965 Quasi
803 910 866 951 non
887 895 937 952 set
956 908 1055 967 grave
1075 892 1117 950 sit
1137 893 1298 967 piaculum

364 990 397 1049 in
417 990 543 1049 homine
565 986 743 1048 Christiano
764 988 873 1047 ieiunii
893 987 1078 1062 religionem
1097 986 1229 1047 violare!

336 1100 351 1143 5
441 1083 627 1143 Valerius,
673 1083 711 1142 Et
742 1084 834 1143 hodie
865 1085 915 1141 est
944 1082 1095 1142 indictum
1126 1080 1298 1141 ieiunium?

363 1179 429 1247 Dic,
452 1196 512 1253 quo
534 1176 679 1238 nomine?

441 1273 637 1334 Martinus
680 1272 830 1339 Sceleste,
846 1273 960 1341 nescis,
982 1289 1061 1348 quas
1075 1272 1171 1331 ferias
1186 1273 1299 1331 beatae

364 1366 560 1439 Catharinae,
583 1370 698 1429 artium
718 1367 881 1444 praesidis
905 1365 1064 1444 agendas?

442 1463 624 1524 Valerius.
666 1463 707 1522 At
737 1480 799 1521 non
825 1454 972 1538 putaram
991 1463 1218 1538 praecidaneas
1241 1462 1299 1521 hes

326 1559 460 1619 roserias
480 1577 518 1619 ex
539 1560 691 1619 ecclesiae
711 1559 854 1618 inst'tuto
877 1575 993 1618 sacras

442 1656 636 1715 Martinus.
673 1654 751 1727 Quid
772 1652 859 1714 tum?
880 1654 1079 1714 Consuetudo
1100 1656 1229 1728 recepte
1250 1656 1299 1713 est

308 1764 310 1768 ⁴
365 1752 520 1827 prolege,
553 1752 585 1809 et
604 1752 640 1809 ut
660 1750 746 1809 nulle
771 1751 813 1809 sit
834 1751 1034 1819 consuetude,
1066 1749 1156 1807 nobis
1182 1751 1298 1815 temen,

365 1845 418 1921 qui
442 1846 563 1905 litteras
585 1848 751 1914 sectamur,
775 1846 888 1919 quibus
909 1846 988 1905 haec
1008 1845 1097 1920 virgo
1129 1844 1297 1919 praesidet,

365 1940 417 1998 hic
438 1941 505 2000 dies
526 1940 642 1999 ieiunio
663 1941 901 2016 religiosissimo
922 1939 1026 2000 iuerat
1047 1939 1207 1998 colendus

327 2049 352 2091 15
443 2035 627 2095 Valerius
683 2035 828 2096 leiunabo
863 2053 937 2111 ergo
972 2036 1120 2109 deinceps
1155 2034 1205 2092 vel
1240 2034 1298 2092 hoc

365 2132 491 2205 sumpto
511 2130 683 2203 ientaculo;
716 2148 818 2205 neque
845 2132 927 2190 eninr
947 2132 1067 2189 lautum
1092 2145 1184 2205 spero
1206 2145 1297 2203 pran-

365 2227 459 2295 dium,
482 2228 522 2295 et,
544 2229 580 2285 ut
592 2227 687 2302 vulgo
703 2227 763 2285 dici
779 2227 879 2295 audio,
902 2227 950 2285 bis
964 2226 1101 2285 interdiu
1115 2225 1196 2284 male
1210 2223 1297 2297 pasci

365 2339 420 2397 pro
441 2322 556 2381 ieiunio
578 2324 636 2381 est.
677 2321 824 2391 Tametsi,
846 2323 882 2380 ut
902 2322 958 2381 tibi
978 2337 1029 2379 me
1050 2320 1199 2395 aperiam.
1227 2319 1297 2376 hac-

304 2414 307 2421 ’
365 2417 458 2475 tenus
480 2415 636 2475 Christum
658 2433 767 2475 verum
789 2417 964 2491 sapientiae
984 2415 1162 2491 praesidem
1180 2415 1298 2489 putavi,

325 2524 352 2567 20
365 2511 401 2569 ut
421 2511 474 2584 qui
495 2511 669 2586 sapientiae
700 2512 826 2571 nomine
853 2512 986 2570 subinde
1016 2512 1049 2587 iu
1077 2509 1298 2569 ecclesiasticis

366 2605 562 2665 contionibus
585 2602 767 2665 celebretur.

444 2702 638 2761 Martinus.
690 2702 778 2761 Nova
810 2704 964 2776 quaedam
995 2702 1143 2759 inducere
1165 2700 1299 2766 conaris,

362 2798 400 2854 'at
419 2813 478 2872 ego
500 2797 657 2856 communi
678 2799 817 2857 omnium
838 2799 890 2857 via
909 2798 1032 2873 ingredi
1053 2794 1143 2855 malo.

443 2890 628 2951 Valerius.
669 2892 739 2952 Non
761 2894 876 2952 audisti
901 2893 978 2952 illud
1003 2892 1213 2967 Pythagorae:
1246 2906 1301 2965 per

326 2999 352 3042 25
367 2986 523 3062 publicam
543 2988 626 3045 viam
648 3005 688 3047 ne
709 2989 859 3047 ambules.

443 3081 638 3141 Martinus
679 3083 831 3142 Molestus
852 3099 900 3143 es:
931 3085 966 3142 tu
987 3085 1084 3150 tuum,
1111 3097 1170 3158 ego
1196 3096 1300 3139 meum

366 3177 426 3235 iter
445 3177 611 3252 ingrediar.

730 3275 885 3283 —..-.———-

641 3416 869 3483 DIALOGVS
892 3415 970 3481 XX.

577 3539 804 3615 Hippolytus
833 3541 869 3598 et
890 3538 1026 3598 Cletus.

327 3658 354 3700 eo
559 3643 604 3697 De
624 3642 742 3713 frigoris
760 3644 867 3695 iniuria
885 3646 1054 3711 queruntur.

445 3756 681 3832 Hippolytus.
723 3755 746 3814 Ο
768 3774 862 3831 qnam
883 3756 957 3813 sunt
976 3754 1094 3820 felices
1118 3753 1231 3827 quibus
1246 3767 1302 3826 per

368 3869 444 3928 opes
474 3853 537 3911 iem
567 3853 641 3912 licet
671 3852 753 3910 domi
779 3852 818 3910 ad
846 3850 1002 3909 caminum
1033 3850 1088 3906 aut
1114 3846 1301 3906 calefactum

367 3946 604 4007 hibernaculum
624 3944 780 4005 adsidere!
