3234 4617
313 467 350 525 38
598 462 801 513 MosELLnNVS,
815 461 1014 507 Pnunouoola

365 647 488 706 animae
518 647 689 721 perniciem
721 647 780 705 sibi
812 646 962 706 invenire.
1004 646 1194 706 Hortabatur
1225 664 1298 722 ergo

364 758 422 800 nos
444 758 562 809 omnes,
592 743 628 801 ut
660 742 842 801 hisdiebus
867 744 1049 817 peccatores
1081 758 1153 800 cum
1174 740 1298 801 Christo

364 837 397 895 in
419 853 511 896 cruce
532 853 733 906 moreremur,
759 854 820 911 quo
841 836 965 896 felicius
993 838 1025 896 et
1046 835 1207 896 sinceriori
1229 853 1300 894 oum

364 932 479 1007 gaudio
499 948 564 991 una
584 949 655 991 cum
676 948 715 991 eo·
736 933 769 990 in
782 932 880 991 vitam
893 935 1103 991 transeamus.
1137 930 1202 990 Hoc
1217 931 1300 990 euim

338 1026 489 1085 sdicebat
509 1025 682 1101 significari
713 1043 770 1102 por
791 1028 868 1086 baec
890 1027 1071 1101 appetentia
1096 1043 1180 1084 nune
1206 1025 1300 1093 festa,

365 1122 447 1196 quod
460 1122 580 1195 pascha
599 1121 750 1180 Hebraeis
765 1122 930 1180 transitum
946 1138 965 1180 a
979 1123 1078 1180 morte
1095 1122 1296 1197 peccatorum

365 1215 406 1274 ad
426 1217 524 1274 vitam
544 1216 697 1275 virtutum
718 1217 817 1275 senet.

444 1310 571 1370 Lucas.
605 1311 645 1369 At
664 1311 790 1369 interim
812 1312 885 1385 quid
911 1310 950 1369 iit
976 1311 1013 1369 de
1034 1311 1189 1386 placentis
1217 1313 1250 1369 et
1270 1311 1302 1369 id

366 1422 468 1481 genus
489 1405 558 1464 aliis
580 1406 726 1471 bellariis.
749 1423 829 1480 quae
850 1407 890 1465 ad
910 1406 1109 1465 imminentes
1130 1405 1188 1464 has
1203 1404 1301 1464 ferias

328 1515 353 1557 10
366 1518 478 1577 parare
493 1498 742 1559 consueverunt?
773 1501 842 1560 Non
862 1502 945 1559 etde
963 1501 1024 1559 illis
1044 1501 1118 1575 quid
1132 1500 1301 1560 audivisti?

444 1595 591 1654 Paulus.
634 1594 758 1671 Apage!
784 1596 870 1654 Tuus
887 1598 1010 1655 animus
1026 1596 1086 1655 iam
1109 1598 1159 1654 est
1179 1598 1211 1653 in
1234 1596 1300 1672 pla-

366 1691 475 1759 centis,
503 1709 575 1750 cum
594 1691 653 1750 hoc
674 1692 825 1767 temporis
847 1692 977 1749 articulo
999 1690 1142 1750 Christus
1168 1691 1241 1749 olim
1263 1691 1301 1749 de

365 1788 432 1845 vita
452 1787 493 1844 sit
513 1787 717 1862 periclitatus.
758 1785 925 1845 Placentae
955 1789 1050 1861 atque
1081 1787 1148 1844 eius
1173 1788 1301 1860 generis

366 1882 532 1941 illecebrae
559 1882 639 1940 aliae
670 1898 727 1940 suo
758 1881 825 1940 loco
857 1898 1031 1940 sermonem
1054 1882 1184 1952 dabunt;
1216 1898 1301 1939 nune

329 1990 353 2031 15
368 1977 406 2035 de
427 1976 486 2035 alio
508 1976 575 2035 cibo
597 1976 720 2035 solliciti
742 1993 813 2035 esse
835 1977 995 2035 debemus.

336 2275 401 2329 {aaa
615 2260 842 2327 DIALOGVS
870 2261 998 2326 XXXI.

588 2385 761 2460 Vrbanus'
784 2403 820 2460 et
840 2401 1027 2460 Kilianus.

446 2528 490 2582 De
508 2529 681 2584 lustratione
699 2529 778 2583 urbis
797 2536 828 2584 et
845 2547 980 2583 arvorum
999 2530 1172 2583 fabulantur.
1253 2550 1256 2555 ·

447 2650 628 2709 Vrbanus.
671 2650 748 2722 Quid
770 2654 825 2720 est,
848 2652 978 2720 tilliano,
1002 2652 1085 2726 quod
1106 2653 1193 2710 tanto
1214 2651 1301 2709 moli·

329 2760 356 2801 20
369 2745 452 2818 mine
466 2745 588 2821 plateas
603 2748 633 2805 et
648 2749 733 2805 vicos
752 2764 861 2806 omnes
876 2748 1024 2806 verrunt?
1058 2746 1139 2805 Num
1154 2747 1302 2821 princeps

370 2842 525 2915 quispiam
545 2843 608 2901 huc
630 2846 678 2900 est
699 2839 871 2901 venturus?

446 2936 630 2995 Kilianus
671 2937 806 3006 Minime,
838 2938 894 2996 sed
915 2939 1062 3011 quiddam
1088 2938 1137 2995 est
1163 2953 1233 2994 oras
1254 2935 1301 2994 fu-

370 3035 483 3097 turum,
506 3032 596 3089 ouius
616 3033 720 3107 gratia
738 3032 848 3090 merito
868 3033 920 3091 hic
941 3032 979 3090 iit
1000 3032 1179 3107 apparatus.

448 3125 627 3185 Vrbanus.
664 3126 743 3198 Quid
763 3127 831 3196 hoe,
853 3127 990 3201 quaeso‘.2

288 3270 293 3280 .
330 3235 356 3276 25
448 3220 629 3279 Kilianus.
666 3220 823 3280 Sollemne
837 3223 898 3280 iam
914 3225 963 3280 est
978 3222 1113 3280 crastino
1128 3222 1178 3279 die
1193 3222 1304 3280 urbem

373 3333 501 3389 corpore
535 3316 651 3375 Christi
682 3316 825 3384 lustrare,
867 3317 1021 3391 siquidem
1055 3316 1222 3391 primarius
1254 3316 1305 3375 hio

371 3411 517 3469 sacerdos
548 3412 796 3471 sacratissimum
817 3412 876 3471 hoc
897 3429 1010 3486 corpus
1042 3412 1159 3470 circum
1180 3413 1305 3471 moenia

356 3506 508 3589 'gestabit
543 3508 693 3565 universa
729 3507 927 3566 sacerdotum
966 3524 1061 3566 manu
1099 3508 1194 3581 atque
1227 3508 1304 3565 item

371 3601 485 3676 populo
507 3602 591 3659 omni
612 3619 631 3661 a
651 3604 740 3677 tergo
762 3603 977 3676 sequentibus

331 3710 359 3751 so
450 3696 631 3755 Vrbanus.
672 3696 771 3756 Sacra
794 3697 901 3757 forsan
928 3699 1028 3765 erunt,
1056 3713 1136 3771 quae
1162 3696 1303 3755 nonnulli

373 3792 580 3850 amburbialia
599 3809 662 3850 non
683 3793 789 3867 inepte
811 3795 915 3852 vocari
935 3794 1051 3850 volunt.

452 3886 632 3945 Kilianus.
673 3886 781 3946 Erunt.
