3234 4617
661 498 914 542 ornioovsx-xn.
1077 531 1079 536 .
1248 499 1285 556 19

350 680 531 739 facultatem
556 680 638 739 hanc
659 681 745 740 dabit
770 683 802 741 et
828 682 942 755 alioqui
960 682 1058 757 *pauci
1079 682 1141 739 iam
1161 682 1286 750 adsunt,

351 776 403 850 qui
422 793 569 851 pompam
590 778 756 836 instruant.

429 870 610 931 Clemens.
669 872 882 933 Tentandum.
905 874 966 941 est,
1012 874 1186 947 ,utcumque
1234 890 1287 931 res

351 968 455 1038 exeat3
483 984 521 1025 ao
540 969 646 1026 nescio
672 969 823 1042 quomodo
852 968 910 1026 hac
931 968 980 1026 die
1001 968 1076 1026 mihi
1096 985 1221 1043 semper
1241 971 1286 1028 in·

313 1075 326 1116 5
351 1063 454 1120 visum
489 1063 539 1120 est
572 1062 695 1121 scholas
730 1065 815 1123 adire
846 1080 908 1122 non
939 1065 1042 1121 minus
1074 1080 1167 1137 quam
1198 1066 1225 1122 si
1255 1066 1287 1122 in

351 1158 519 1230 pistrinum
539 1157 664 1231 aliquod
684 1159 760 1217 mihi
780 1160 821 1218 sit
842 1160 1043 1218 redeundum.
1078 1156 1184 1227 Credo,
1207 1160 1290 1234 quod

352 1252 485 1326 pridiani
510 1253 564 1311 otii
591 1270 705 1312 sensus
732 1254 834 1313 adhuc
855 1256 994 1329 reliquus
1016 1257 1061 1313 sio
1082 1255 1290 1315 reluctantem

351 1346 456 1407 iaciat.

630 1633 858 1700 DIALOGVS
881 1635 957 1700 XII.

317 1781 341 1822 1⁰
563 1774 808 1833 Burchardus
830 1777 865 1832 et
885 1774 1054 1834 Albinus.

478 1903 523 1958 De
541 1905 660 1973 nuptiis,
679 1904 792 1957 balneis
812 1920 845 1958 ac
863 1904 1114 1958 viscerationibus.

433 2035 685 2094 Burchardus
740 2036 872 2110 Nuptias
906 2036 997 2095 hodie
1031 2035 1154 2096 suturas
1195 2040 1292 2103 aiunt,

356 2131 476 2198 Albine,
497 2132 532 2189 tu
553 2133 712 2206 quippiam
732 2148 769 2190 ee
791 2133 829 2190 de
850 2148 884 2190 re
905 2128 1038 2190 audisti?

435 2225 600 2285 Albinus.
642 2226 764 2285 Audivi.

318 2336 343 2378 15
433 2320 681 2380 Burchardus.
727 2321 839 2381 Denda
866 2324 915 2380 est
940 2338 1044 2396 opera,
1073 2324 1109 2380 ut
1134 2324 1164 2381 et
1189 2339 1247 2381 nos
1275 2340 1294 2381 e

357 2417 548 2491 nuptialibus
571 2418 647 2475 cibis
668 2418 784 2491 aliquid
805 2418 1013 2491 acquiramus.

435 2512 601 2571 Albinus.
644 2511 730 2583 Quod
755 2513 795 2570 ad
821 2513 923 2570 cibum
949 2513 1068 2579 attinet,
1099 2511 1190 2571 hodie
1216 2513 1293 2571 nibil

358 2622 474 2665 moror:
505 2608 572 2665 heri
598 2608 681 2666 enim
707 2607 782 2665 mibi
806 2607 962 2681 prospexi,
992 2606 1076 2665 unde
1101 2605 1184 2665 hunc
1211 2607 1293 2666 diem

359 2703 518 2761 commode
538 2702 630 2761 liceat
650 2703 840 2776 transigere;
866 2702 921 2759 sed
942 2702 1025 2775 quod
1044 2718 1063 2760 a
1082 2702 1211 2776 prandio
1233 2702 1293 2760 sal·

318 2798 507 2855 rotationem
527 2799 559 2855 in
580 2797 701 2855 theatro
722 2800 866 2872 spectare
887 2813 949 2855 non
970 2813 1109 2871 possum,
1139 2796 1199 2855 hoo
1220 2814 1294 2856 vero

359 2895 417 2960 est,
438 2894 520 2967 quod
541 2910 590 2952 me
611 2894 692 2952 male
713 2892 816 2952 habet.

437 2987 686 3047 Burchardus.
713 2989 755 3047 At
769 2988 843 3063 quid
853 2989 947 3054 vetat,
963 3004 1023 3062 quo
1035 2988 1138 3045 minus
1150 2984 1294 3061 spectes?

437 3082 605 3140 Albinus,
648 3081 777 3156 Ignoras
802 3080 909 3139 forsan
934 3082 967 3138 in
991 3079 1075 3138 hunc
1100 3081 1181 3138 diem
1204 3082 1294 3140 nobis

359 3177 402 3251 pii
430 3178 603 3251 cuiuspiam
629 3175 779 3234 beneficio
804 3176 933 3234 balneas
964 3176 1099 3250 gratuito
1121 3176 1295 3248 condictas3
1396 3206 1398 3209 ·

320 3290 380 3333 rsa
401 3275 512 3348 quibus
532 3273 644 3331 abesse
665 3273 840 3330 saltationis
862 3271 1052 3347 spectandae
1073 3270 1175 3329 studio
1197 3288 1237 3330 an
1262 3280 1297 3329 tu

360 3373 453 3444 putas
474 3368 541 3427 fore
563 3364 758 3427 consultum?

438 3464 690 3523 Burchardus.
718 3463 808 3522 Vide:
824 3464 885 3521 nisi
900 3462 1146 3529 submonuisses,
1169 3462 1296 3536 egregie

361 3561 493 3619 fuissem
524 3560 645 3627 oblitus
681 3576 783 3633 neque
813 3560 953 3617 venisset
978 3560 1010 3615 in
1035 3562 1172 3616 mentem
1197 3558 1295 3615 visce-

363 3656 499 3723 rationis,
532 3672 611 3730 quae
636 3660 668 3713 et
692 3657 761 3730 ipse
787 3655 819 3712 in
845 3654 1029 3713 hodiernum
1052 3653 1134 3710 diem
1154 3654 1204 3710 est
1225 3667 1295 3710 con-

323 3754 481 3811 sostituta.
528 3751 661 3810 Valeant
692 3750 819 3825 nuptiae
851 3765 920 3807 oum
951 3765 1066 3823 sponso
1098 3764 1134 3805 ao
1166 3763 1296 3822 sponsa;

324 3854 386 3907 [851³]
416 3865 473 3906 nos
494 3864 574 3921 quae
592 3845 596 3921 Ι
614 3848 743 3921 propius
764 3846 803 3902 ad
824 3862 881 3903 nos
896 3845 1053 3919 pertinent
1074 3859 1228 3901 curemus.

758 3996 915 4003 ——.—-

1132 3997 1275 4071 ‘u‘
