3234 4617
316 548 318 553 .
370 521 408 579 46
681 517 885 569 MOSELLANVS.
900 517 1111 574 Passuouoom„

423 703 550 761 vivendi
571 704 722 762 rationem
743 702 794 761 vel
815 702 937 761 dicendi
957 702 1139 762 facultatem
1159 702 1265 770 faciat,
1287 719 1356 761 con·

423 814 598 872 sequamur.
639 798 710 872 Ipse
742 800 827 856 certe
854 814 923 857 eam
948 798 1124 865 lectionem,
1153 814 1192 857 ex
1222 814 1285 872 qua
1306 814 1356 856 au·

423 893 557 952 ditorum
578 893 743 952 imitationi
764 893 841 952 nihil
862 894 993 962 accedit,
1020 893 1139 953 nullam
1156 894 1244 967 puto.
1279 892 1357 951 Tan-

423 990 490 1046 tum
511 989 610 1057 abest,
643 989 679 1046 ut
699 988 777 1046 istos
798 988 936 1062 probem,
968 988 1021 1061 qui
1052 987 1240 1061 scriptorum
1261 1002 1358 1045 sensu

396 1084 608 1157 aexposuisse
629 1085 797 1157 utrumque
819 1083 958 1142 contenti
979 1084 1097 1141 nullam
1110 1082 1255 1141 imitandi
1275 1083 1358 1140 viam

425 1178 585 1252 discipulis
607 1179 864 1238 commonstrant.
905 1178 951 1237 Tu
972 1195 1046 1237 vero
1066 1178 1190 1253 quando
1209 1194 1357 1252 praecep-

424 1274 523 1331 torem
554 1275 667 1331 nactus
698 1289 733 1331 es
764 1274 891 1331 doctum
922 1276 954 1333 et
978 1272 1086 1342 fidum,
1117 1272 1169 1331 fac
1198 1273 1266 1331 eius
1291 1274 1358 1331 tum

426 1368 595 1437 doctrinae,
619 1370 686 1426 tum
705 1368 780 1426 fidei
802 1369 965 1443 diligentia
985 1370 1039 1426 tua
1059 1368 1262 1442 respondeas,

506 1470 674 1530 Ioannes.
716 1470 803 1530 Dabo
826 1488 953 1546 operam
982 1471 1099 1540 sedulo,
1131 1487 1180 1540 ne,
1212 1471 1296 1545 quod
1320 1472 1358 1530 ad

386 1580 412 1621 10
425 1566 507 1625 hanc
529 1583 594 1625 rem
616 1566 737 1633 attinet,
759 1567 826 1624 iure
847 1582 897 1625 me
917 1566 1049 1640 posthac
1071 1566 1236 1640 obiurgare
1251 1552 1356 1640 queas

424 1661 487 1720 Sed
500 1662 562 1720 iam
577 1660 639 1719 XII.
662 1662 758 1720 horae
773 1662 899 1736 signum
914 1662 1046 1729 auditur,
1069 1679 1165 1737 quare
1180 1662 1254 1721 hinc
1269 1661 1356 1719 ocius

424 1758 456 1815 in
477 1756 585 1815 ludum
607 1756 803 1815 contendam.

502 2220 730 2287 DIALOGVS
752 2167 922 2288 XXXVII
944 2223 1001 2286 ET
1025 2221 1229 2288 VLTIMVS.

424 2396 686 2471 PandulphuS‚
703 2396 925 2471 Ludimagistri
939 2397 1089 2466 minister,
1106 2392 1356 2472 Hieronymus

387 2524 412 2565 15
600 2508 817 2577 scholasticus,
844 2508 1129 2583 Ludimagister.

424 2670 603 2734 Consultant,
622 2672 651 2724 in
671 2674 957 2742 quampotissimum
976 2672 1150 2727 academiam
1169 2672 1301 2727 studioso
1320 2673 1358 2727 sit

746 2776 1000 2845 commigrandum.

501 2930 754 3006 Pandulphus
795 2931 874 3002 Quid
901 2935 936 2990 tu
961 2933 1019 2991 hoc
1041 2935 1114 2992 ante
1135 2934 1260 3003 ostium,
1287 2934 1356 2994 Hie-

423 3043 562 3100 ronymo,
585 3030 639 3085 aut
661 3028 735 3101 quid
755 3028 806 3085 hic
829 3028 883 3086 tibi
905 3029 1023 3102 negotii
1044 3028 1111 3087 esti

384 3142 411 3184 20
502 3129 764 3205 Hieronymus.
806 3130 1070 3206 Ludimagistrum
1093 3133 1260 3192 convenire
1274 3136 1357 3217 yolo·

424 3224 504 3281 bam.
527 3223 589 3283 Sed
602 3226 729 3299 pulsare
750 3228 922 3286 cunctabar
935 3227 1065 3297 veritus
1081 3245 1121 3287 ne
1134 3230 1358 3305 intempestive

423 3318 736 3394 fortasse'venirem3
768 3339 864 3396 quare
895 3325 926 3380 te
957 3340 1013 3397 pro
1035 3324 1135 3382 veteri
1156 3327 1265 3384 nostra
1285 3344 1357 3386 con·

424 3415 590 3475 suetudine
610 3434 696 3491 rogo,
718 3420 752 3476 ut
773 3418 824 3476 hic
844 3434 894 3476 me
916 3419 1041 3477 adstare
1063 3418 1235 3494 significes

392 3533 453 3587 [aaa]
502 3518 753 3594 Pandolphus.
795 3521 936 3593 Faciam3
950 3523 985 3580 tu
999 3523 1049 3582 hio
1071 3524 1181 3582 tantis·
1201 3522 1204 3600 Ι
1222 3542 1280 3599 per
1292 3544 1356 3587 mo-

384 3627 411 3669 25
425 3631 504 3683 rare,
537 3616 609 3673 dum
631 3616 706 3689 quid
731 3633 836 3674 rerum
858 3617 907 3683 sit,
930 3618 990 3677 huc
1011 3619 1166 3677 renuntio
1197 3654 1236 3662 —
1266 3620 1356 3688 Here,

424 3710 507 3783 quod
526 3710 716 3779 iniunxeras
739 3711 907 3786 diiigenter
928 3717 976 3771 est
997 3716 1148 3772 curatum.

501 3813 787 3889 Ludimagistor.
829 3814 914 3874 Bene
939 3816 1066 3875 factum.
1108 3818 1149 3876 At
1171 3818 1224 3892 qui
1244 3818 1272 3877 is
1298 3823 1357 3889 est,

424 3908 550 3981 quicum
567 3926 625 3984 pro
646 3909 767 3968 foribus
788 3910 983 3969 fabulantem
1004 3912 1035 3969 te
1056 3910 1180 3972 audivit
