3234 4617
675 465 915 516 ornuocvsv,vr,
1252 470 1285 524 ῃ

433 650 602 710 loannes
654 648 715 707 Sed
741 650 864 724 quando
900 651 977 710 satis
1007 650 1137 708 fabulati
1168 666 1286 716 sumus

357 746 438 804 hanc
460 762 586 821 operam
618 762 679 804 non
701 744 842 819 negabis
869 744 988 819 opinor,
1018 745 1054 802 ut
1084 761 1134 803 me
1165 744 1203 803 ad
1224 744 1288 803 ludi

357 842 584 900 moderatorem
605 840 751 907 deducas
785 839 938 914 siquidem
963 839 1026 898 iam
1047 840 1153 897 statim
1174 855 1285 897 nomen

357 952 462 995 meum
475 936 506 993 in
521 935 603 994 hanc
618 935 801 993 liiterariam
820 934 963 994 militiam
978 934 1052 993 dare
1068 951 1135 993 sum
1149 937 1285 1009 paratus.

330 1045 343 1086 5
434 1030 591 1089 Marcus,
631 1030 756 1088 Faciam
777 1045 816 1088 ac
836 1029 962 1087 lubens:
984 1032 1018 1088 tu
1037 1047 1086 1089 me
1108 1047 1248 1104 sequere.

720 1260 874 1267 ——-----

644 1478 871 1546 DIALOGVS
895 1479 951 1545 Vl.

449 1620 494 1673 De
513 1618 686 1689 recipiendis
704 1617 933 1689 indisciplinam
952 1618 1141 1673 scholasticis,

461 1742 620 1808 Marcus,
642 1741 937 1816 Ludimagister‚
958 1741 1126 1800 loannes,

405 1889 560 1948 Marcus.
614 1887 660 1946 En
689 1888 757 1958 tibi,
789 1890 973 1962 praeceptor
1011 1888 1134 1962 optime,
1167 1889 1286 1947 adduco

316 1999 340 2041 10
353 1985 404 2043 hic
428 1984 593 2058 quendam,
620 2000 690 2041 cum
711 2000 771 2058 quo
792 1983 853 2040 iam
875 1999 974 2041 annos
996 1982 1112 2056 aliquot
1132 1984 1208 2041 mihi
1228 1983 1288 2042 iuit

355 2078 559 2146 familiaritas,
591 2078 890 2136 hominembonum
917 2079 947 2136 et
968 2078 1151 2139 studiosum.
1190 2077 1220 2136 ls
1242 2079 1286 2136 tui

354 2175 419 2233 ludi
442 2174 528 2232 iama
552 2173 672 2232 excitus
697 2173 758 2231 huc
784 2172 913 2247 appulit.
960 2170 1060 2243 Quare
1084 2189 1218 2247 magnae
1243 2172 1286 2231 ie-

353 2270 480 2329 licitatis
501 2269 568 2328 loco
589 2269 689 2336 ducet,
712 2269 739 2326 si
760 2284 794 2326 se
816 2268 848 2326 in
867 2270 991 2326 tuorum
1006 2284 1135 2342 gregem
1148 2270 1287 2343 recipere

354 2365 502 2439 dignatus
523 2364 631 2422 fueris

316 2474 341 2516 15
431 2459 717 2533 Ludimagister.
768 2458 962 2517 Adulescens
997 2459 1090 2526 bone,
1122 2458 1203 2531 quod
1233 2457 1287 2515 tibi

356 2555 406 2614 est
426 2550 558 2612 nomen?

435 2648 604 2708 loannes.
645 2646 701 2705 Est
721 2648 797 2705 mihi
818 2664 933 2705 nomen
953 2648 1093 2705 loannes

433 2744 718 2818 Ludimagister.
746 2741 897 2801 Faustum
918 2743 1011 2817 plane
1037 2758 1150 2800 nomen
1170 2759 1204 2801 os
1223 2759 1286 2800 sor-

355 2841 440 2907 titus
463 2840 578 2913 quippe
599 2839 658 2896 hoc
678 2837 829 2897 Hebraeis
851 2855 869 2896 a
891 2838 996 2913 gratia
1015 2837 1135 2895 dieitur.
1177 2836 1287 2908 Quam·

314 2950 341 2991 ao
355 2935 461 2993 obrem
483 2950 606 2992 summa
636 2950 694 3007 ope
716 2933 771 2991 tibi
792 2934 842 2992 est
863 2932 1051 2999 enitendum,
1082 2934 1117 2989 ut
1137 2934 1201 2990 tam
1218 2949 1287 3007 gra·

354 3029 426 3087 tiosi
447 3029 581 3086 nominis
603 3027 828 3102 exspectationi
849 3044 905 3102 pro
920 3028 976 3085 tua
989 3026 1070 3084 virili
1085 3027 1287 3101 respondeas,

430 3124 599 3182 loannes.
651 3122 800 3196 Equidem
839 3139 895 3197 pro
921 3122 1038 3179 viribus
1070 3122 1177 3180 sedulo
1209 3122 1287 3181 dabo
1374 3172 1376 3175 .

354 3236 480 3294 operam
502 3220 594 3292 ioque
615 3219 647 3275 in
667 3218 727 3275 hoc
747 3217 824 3275 mihi
844 3218 1017 3276 adiutorem
1038 3216 1104 3275 iore
1125 3234 1226 3291 spero.

430 3313 716 3386 Ludimagister.
751 3312 812 3371 Sed
834 3312 954 3386 etipsa
974 3312 1112 3386 corporis
1132 3312 1177 3370 tui
1190 3310 1288 3370 iacies

315 3422 341 3466 25
354 3409 492 3468 animum
514 3409 645 3466 subesse
667 3408 812 3476 ostendit,
835 3408 887 3481 qui
908 3423 1009 3481 neque
1028 3407 1172 3466 alitteris
1186 3423 1288 3480 neque

354 3502 522 3561 virtutibus
547 3502 720 3571 abhorreat,
739 3503 825 3570 adeo,
852 3504 896 3570 ut,
922 3502 949 3560 si
974 3501 1096 3561 fortiter
1121 3502 1231 3577 egeris
1258 3504 1289 3559 ot

354 3598 392 3656 de
418 3600 448 3656 te
470 3597 530 3656 dici
555 3598 680 3656 demum
699 3598 801 3672 possit
825 3598 914 3656 illud:
948 3597 1067 3671 gratior
1087 3600 1136 3655 est
1156 3596 1287 3671 pulchro

354 3694 517 3752 veniense
537 3709 666 3766 corpore
680 3694 789 3751 virtus.
830 3691 895 3763 Quo
917 3692 1066 3751 libentius
1087 3694 1118 3750 te
1132 3693 1164 3750 in
1186 3708 1288 3749 meam

354 3788 550 3863 disciplinam
579 3788 703 3862 recipio,
736 3789 763 3846 si
788 3788 878 3846 modo
905 3788 961 3846 das
982 3787 1078 3846 fidem
1099 3789 1130 3846 te
1150 3784 1223 3846 boni
1245 3787 1287 3844 di-

313 3896 340 3939 ao
354 3882 465 3958 scipuli
485 3882 587 3942 officio
610 3884 693 3958 apud
713 3900 763 3942 me
782 3883 972 3942 functurum.
