3234 4617
310 524 349 580 40
595 519 799 570 MOSELLANUS.
814 519 1012 564 PAEDOLOGIA.

364 703 492 775 Christi;
514 720 587 762 nam
608 705 742 777 tametsi,
763 708 798 763 ut
823 705 965 763 conicere
986 721 1124 779 possum,
1146 722 1198 763 res
1220 706 1296 765 iicte

363 800 659 875 repraesentabitur,
685 801 731 858 sic
757 802 863 859 tamen
884 800 969 858 abire
991 817 1053 858 non
1073 802 1187 874 potest,
1220 803 1296 875 quin

362 896 399 962 11,
431 896 483 969 qui
505 893 662 953 Christum
693 894 798 961 refert,
831 893 946 952 multas
978 895 1102 953 interim
1134 896 1296 954 molestias

334 1055 336 1059 Α
363 990 395 1048 in
416 1007 451 1049 se
471 990 611 1064 recipere
636 993 774 1065 cogatur.

336 1100 350 1142 5
441 1084 639 1159 Lepoldus.
680 1085 717 1143 Et
747 1086 816 1159 ipse
847 1088 879 1143 in
910 1086 968 1144 1110
999 1085 1106 1144 fabula
1137 1088 1297 1159 spectator

364 1197 435 1240 esse
456 1180 537 1239 malo
559 1196 653 1254 quam
673 1182 768 1248 actor,
790 1182 961 1254 utcumque
975 1197 1026 1238 res
1041 1180 1166 1238 interim
1181 1189 1298 1253 agatur

363 1293 453 1335 serra.

596 1557 823 1623 DIALOGVS
847 1558 1007 1624 XXXIII.

572 1699 737 1758 Basilius
759 1700 795 1757 et
817 1698 1030 1774 Gregorius

328 1837 353 1879 10
367 1829 412 1883 De
431 1830 545 1882 coronis
562 1827 714 1897 gestandis
738 1827 834 1898 deque
859 1845 956 1881 earum
976 1830 1057 1882 vario
1081 1844 1189 1898 genere
1209 1829 1295 1883 collo·

760 1919 896 1985 quuntur.

441 2036 617 2095 Basilius.
660 2035 749 2094 Vnde
770 2038 805 2094 tu
826 2038 857 2095 te
877 2036 1021 2111 proripis,
1044 2033 1192 2111 Gregorii
1233 2037 1296 2095 Aut

363 2132 416 2190 ubi
436 2131 517 2190 hanc
540 2147 686 2190 coronam
707 2147 869 2190 rosaceum
890 2147 924 2189 es
946 2128 1077 2189 nactus?

442 2226 654 2301 Gregorius.
686 2225 711 2283 B
729 2226 796 2285 1010
816 2228 897 2294 veni,
917 2227 959 2284 mi
977 2225 1082 2313 Basili,
1103 2226 1155 2284 ubi
1175 2229 1295 2285 sertum

327 2337 351 2379 15
365 2322 424 2381 hoc
444 2334 571 2380 nummo
592 2321 669 2380 milri
690 2321 798 2380 coemi.

416 2492 419 2497 ¹
442 2417 619 2476 Basilius
660 2417 701 2475 At
721 2418 754 2475 in
776 2434 869 2491 quem
890 2414 1003 2476 usum?

422 2512 661 2588 ‚Gregorius
703 2513 836 2571 Animus
863 2515 912 2571 est
938 2528 1006 2571 eam
1035 2529 1181 2571 coronam
1203 2515 1296 2589 capiti

363 2608 542 2681 impositam
574 2610 709 2682 gestare.
761 2606 873 2665 Nonne
908 2606 969 2665 vile
1003 2607 1059 2665 tibi
1090 2607 1215 2666 videtur
1250 2611 1295 2667 tot

363 2719 452 2761 rosas
473 2704 565 2760 unico
587 2703 747 2761 nummulo
768 2699 893 2777 parari?

324 2812 351 2855 10
442 2796 619 2855 Basilius
661 2796 698 2854 Bt
730 2798 760 2855 te
797 2799 920 2855 tantum
949 2797 1074 2855 asinum
1104 2814 1166 2855 non
1198 2798 1296 2872 pudet

362 2909 529 2967 puerorum
551 2893 614 2950 ritu
635 2897 817 2958 coronatum
838 2888 1002 2951 incedere?

441 2986 653 3063 Gregorius.
696 2984 849 3046 Puderet?
891 2985 1032 3045 Grandes
1064 2988 1140 3045 natu
1166 2988 1198 3043 et
1225 2987 1295 3044 cani

363 3082 457 3142 etiam
478 3082 528 3140 hic
550 3084 672 3157 gerunt.

439 3176 620 3236 Basilius.
663 3177 765 3236 Nihilo
791 3194 866 3252 ergo
890 3178 965 3235 sunt
985 3177 1160 3251 graviores3
1186 3176 1296 3235 forsan

323 3272 446 3331 15111110
480 3290 597 3331 morem
631 3289 650 3330 a
684 3271 872 3331 Graecorum
912 3272 1041 3331 mollitie
1082 3273 1295 3345 sumpserunt,

363 3384 441 3441 quos
467 3369 550 3442 apud
574 3368 742 3426 Homerum
768 3368 901 3426 subinde
925 3366 1183 3452 καρηκομόωντας
1204 3366 1296 3425 audio

363 3463 432 3520 dici.

442 3557 656 3632 Gregorius
688 3556 776 3615 Vnde
797 3557 999 3632 sumpserint,
1016 3556 1159 3630 equidem
1174 3556 1296 3626 nesci0;

362 3653 422 3711 hoc
444 3653 517 3720 scio,
540 3652 622 3726 quod
641 3654 777 3727 gestant.

323 3762 350 3805 10
439 3746 618 3805 Basilius.
658 3745 741 3805 Num
767 3747 851 3805 solas
877 3764 1023 3805 rosaceas
1053 3747 1168 3820 gerunt
1199 3762 1240 3804 an
1266 3749 1298 3804 et

363 3843 519 3902 violaceas
544 3843 662 3917 pariter
693 3844 724 3900 et
748 3843 886 3900 111110011
918 3845 972 3900 aut
1003 3842 1097 3900 etiam
1122 3841 1296 3899 rosmarino

364 3939 413 3997 vel
435 3955 578 3997 amaraco
599 3933 805 3997 intertextas?
