3234 4617
721 509 907 553 EINLEITUNG.
1107 569 1108 572 Ἴ
1194 511 1309 567 XLVH

315 684 531 740 Druckfehlern
558 683 716 747 beweisen‚
751 684 773 736 Z
802 683 951 751 zugrunde
978 685 1059 754 liegt.
1105 686 1149 738 Da
1172 703 1232 738 nun
1261 684 1309 740 (116

315 760 403 824 spate
431 754 635 809 Helmstedter
658 754 797 823 Ausgabe
826 753 961 807 offenbar
988 753 1062 807 nach
1089 753 1155 807 dem
1183 755 1311 808 8611661-

316 825 459 879 kaldener
477 825 577 877 Druck
595 840 654 876 von
669 825 735 878 1586
753 823 928 891 hergesteilt
946 825 994 886 ist,
1014 823 1066 877 der
1084 825 1254 879 seinerseits
1266 826 1309 877 in·

316 893 418 948 direki
437 893 486 947 661
504 894 531 947 D
550 893 739 962 znriiokgehi,
764 909 797 946 so
819 893 946 962 begreiit
963 910 1029 946 man
1048 894 1130 957 6661,
1148 895 1238 947 wieso
1258 893 1309 947 der

315 965 507 1018 unbekannte
526 962 690 1016 Erneuerer
707 979 743 1014 zu
762 961 814 1015 der
832 963 984 1015 Annahme
1002 963 1177 1032 gelrommen
1194 964 1242 1025 161,
1261 963 1308 1018 (116

317 1034 411 1088 611116
429 1037 566 1102 princeps
585 1033 628 1084 sei
647 1034 713 1085 1517
734 1030 918 1086 erschienen:
938 1033 1034 1101 einzig
1052 1032 1111 1085 und
1129 1033 1224 1096 allein,
1244 1034 1311 1087 weil

317 1103 367 1157 die
385 1102 516 1157 Vorrede
545 1101 620 1154 eben
643 1100 723 1154 diese
742 1101 915 1155 Jahreszehl
933 1106 1021 1170 tr'agt.
1058 1101 1163 1155 Dieses
1181 1103 1309 1171 Zeugnis

316 1172 433 1226 1616166
446 1172 640 1225 vollkommen
653 1169 925 1239 gleiohgiiltigmnd
937 1170 984 1222 ioh
996 1172 1099 1234 meino,
1114 1171 1183 1225 61166
1197 1172 1309 1241 sprioht

316 1241 411 1304 dafiir,
428 1240 483 1294 dass
495 1242 560 1294 1511
581 1242 611 1292 16
630 1238 747 1293 (16111161
762 1241 810 1293 ein
819 1240 1015 1294 Druckfehler
1025 1257 1085 1293 war
1100 1240 1158 1293 und
1173 1240 1220 1295 die
1231 1247 1309 1295 61616

316 1311 459 1380 Ausgabe
487 1310 539 1363 (161
560 1307 739 1378 Paedologia
758 1310 803 1376 (Z)
823 1310 966 1363 vielmehr
985 1311 1051 1363 1518
1071 1311 1243 1364 erschienen
1260 1313 1309 1365 ist.

362 1406 365 1409 ⁴
390 1379 574 1434 Gleiohwohl
603 1379 735 1432 11166166
763 1381 828 1435 sich
857 1381 932 1433 noch
962 1380 1034 1432 leise
1061 1377 1183 1434 Zweifel
1209 1396 1309 1451 regen,

315 1448 416 1504 liessen
445 1451 487 1503 sie
511 1449 573 1502 sich
591 1449 672 1502 61611
691 1447 781 1501 durch
800 1447 1310 1516 616161161611161116661161616661

315 1520 412 1589 vdllig
430 1519 690 1587 beschwiohiigen.
718 1517 778 1571 Am
792 1520 833 1571 25.
845 1518 1055 1588 September
1069 1520 1135 1572 1518
1149 1520 1311 1573 66116111

315 1589 517 1643 Μ66611666
556 1593 620 1657 gut
662 1588 953 1641 unterriohteter
991 1587 1141 1641 Sohiiler
1177 1588 1309 1658 Caspar

317 1657 534 1728 Creutziger
552 1675 593 1711 an
612 1656 772 1726 Stephon
791 1657 885 1709 Roth
903 1659 937 1709 in
955 1658 1134 1719 ZwiokaU,
1155 1657 1210 1711 die
1224 1658 1310 1712 Pae-

317 1727 469 1797 dologia
496 1728 550 1781 sei
577 1730 622 1780 im
649 1727 776 1779 Druck.
813 1726 875 1779 Der
892 1726 1001 1794 Brien)
1024 1731 1105 1794 trago
1128 1744 1204 1779 zwar
1221 1729 1308 1783 keine

314 1797 499 1860 Jahreszahl,
518 1796 606 1849 allein
625 1813 657 1849 61
674 1797 752 1848 kann
770 1812 826 1848 nur
844 1796 882 1848 im
896 1796 1070 1865 September
1083 1797 1150 1849 1518
1169 1796 1311 1865 abgefasst

317 1871 391 1928 sein,
415 1868 471 1921 wie
499 1866 561 1919 sich
587 1876 676 1920 unter
698 1864 818 1918 anderrn
840 1865 929 1918 66166
949 1863 1310 1922 (16166661118161611611

401 2020 417 2072 ¹)
440 2019 522 2061 Dieser
535 2018 597 2061 Briei
615 2018 645 2059 ist
659 2018 731 2060 sehon
753 2019 863 2060 teilweise
882 2018 1053 2060 veroiientllclrt
1072 2028 1119 2060 von
1134 2019 1160 2061 G.
1171 2019 1295 2061 Buchwald

316 2071 535 2123 nonssucnnanuel
550 2071 574 2111 16
594 2070 669 2122 (1893),
692 2071 712 2112 S.
722 2071 754 2120 28,
774 2071 816 2112 No.
832 2071 851 2111 8.
883 2071 939 2113 Hier
959 2070 1017 2124 iolgt
1045 2080 1068 2111 er
1088 2070 1228 2125 vollstiindig
1249 2073 1308 2113 nach

317 2125 358 2167 161
371 2124 502 2165 Zwiclrauer
516 2122 665 2165 Handschriit
678 2123 699 2165 N
708 2123 732 2165 3:

398 2176 530 2217 Humaniss.
551 2175 569 2216 ἃ
590 2175 704 2217 eruditiss.
725 2175 773 2217 viro
796 2173 913 2227 Stephano
936 2174 995 2220 Rodt
1017 2172 1123 2226 Cycneae
1144 2174 1236 2215 scholae
1258 2174 1310 2216 dili-

317 2229 415 2283 gentiss.
429 2228 547 2269 moderato
561 2228 703 2279 praeceptori
718 2238 759 2269 suo
774 2226 874 2268 candiss.

397 2280 418 2321 S.
432 2280 523 2341 Accepi,
538 2279 654 2332 Stephane
668 2280 706 2327 mi,
721 2280 762 2321 abs
777 2280 799 2320 te
815 2279 949 2331 iampridem
972 2277 1100 2330 expectatos
1122 2278 1203 2326 literas,
1217 2279 1309 2321 tametsi

318 2333 449 2385 perbreues,
464 2332 548 2384 quibus
562 2331 665 2373 hortatus
680 2343 711 2382 es,
725 2332 750 2373 ut
763 2331 834 2372 libros
845 2341 903 2383 quos
914 2330 993 2371 ordine
1006 2329 1134 2382 assignasti,
1152 2331 1213 2383 apud
1224 2331 1310 2373 Biblio-

318 2384 385 2437 polas
400 2394 561 2436 compararem,
583 2383 605 2424 et
619 2383 662 2424 tibi
676 2383 866 2424 transmittendos
886 2392 993 2429 curarem,
1014 2392 1058 2435 qua
1073 2382 1141 2429 inre,
1163 2382 1187 2423 ut
1200 2393 1241 2435 par
1255 2384 1308 2432 erat,

318 2437 365 2478 nisi
378 2436 443 2477 fallat
457 2447 493 2476 me
507 2435 594 2488 opinio,
613 2436 669 2477 satis
683 2436 792 2483 laboraui,
810 2445 889 2476 verum
905 2434 962 2475 illud
978 2433 1053 2483 doleo,
1072 2434 1134 2486 quod
1149 2434 1197 2476 uoti
1213 2434 1234 2475 te
1249 2447 1310 2477 com-

319 2489 396 2541 potem
421 2488 484 2529 omni
506 2499 532 2529 ex
554 2488 655 2540 partein
673 2488 805 2580 praesentia
826 2486 899 2527 iacere
922 2496 1042 2538 nequeam.
1070 2486 1128 2527 Nam
1143 2496 1170 2527 61(
1184 2486 1249 2529 libris
1263 2487 1310 2529 illis

319 2541 408 2593 praeter
422 2540 468 2581 Pici
484 2540 621 2592 opusculum
637 2539 658 2581 et
692 2539 787 2581 lutarchl
802 2539 992 2580 commentarium
1008 2537 1065 2578 nihil
1079 2538 1215 2588 transmitto,
1230 2550 1308 2581 eorum

320 2593 378 2634 nihil
392 2592 438 2633 iam
453 2592 493 2633 hic
507 2592 573 2640 extat,
587 2591 675 2632 Merces
689 2602 701 2632 e
716 2590 869 2632 irancoiordia
890 2590 994 2631 nondum
1014 2590 1124 2631 aduectae
1145 2591 1204 2632 suni.
1232 2591 1269 2633 Ob
1285 2592 1307 2632 id

318 2646 375 2687 boni
390 2643 482 2686 interim
497 2644 664 2685 consulendum
680 2642 720 2690 est,
736 2643 795 2684 intra
810 2642 957 2695 quatriduum
971 2642 1048 2683 omnia
1064 2652 1122 2693 quae
1137 2652 1197 2683 nunc
1212 2643 1310 2696 desyde-

320 2707 402 2745 ramus,
419 2695 563 2743 habebimus,
578 2696 625 2737 ium
641 2706 683 2747 ego
698 2696 812 2741 laborabo.
828 2695 853 2736 ut
863 2705 914 2736 cum
929 2694 1028 2747 primum
1042 2693 1092 2734 iieri
1102 2694 1183 2746 possit,
1198 2696 1308 2748 quicquid

320 2749 354 2790 est
376 2748 497 2800 reliquum,
519 2748 546 2788 ad
562 2748 584 2788 te
599 2748 724 2799 perueniat.
752 2747 866 2799 Equidem
886 2747 909 2786 in
924 2746 991 2799 culpa
1005 2755 1051 2787 non
1071 2756 1128 2793 sum,
1148 2747 1203 2798 quid
1224 2747 1310 2789 Biblio-

320 2801 386 2854 polas
402 2801 523 2852 hucusque
538 2799 584 2840 illic
599 2799 729 2848 detinuerit,
750 2799 885 2840 addiuinare
904 2809 950 2840 non
965 2808 1066 2851 possum.
1094 2796 1213 2839 Caeterum
1235 2810 1308 2841 rerum

320 2863 439 2900 novarum,
455 2852 516 2913 quod
532 2851 626 2902 quidem
644 2852 740 2892 rescire
755 2852 840 2899 deceat,
862 2850 920 2891 nihil
942 2850 1060 2891 habemus.
1087 2849 1122 2891 De
1137 2851 1220 2891 nostris
1238 2853 1310 2906 rebus

320 2905 430 2947 breuibus
445 2915 478 2944 sic
492 2903 558 2951 habe,
579 2904 681 2946 valemus
697 2904 719 2944 in
741 2903 870 2955 praesentia
885 2913 972 2950 omnes,
993 2902 1036 2942 deo
1050 2902 1132 2953 gracia,
1153 2901 1310 2952 ioelicissinre,

320 2968 362 2999 nec
376 2956 411 2998 est
425 2956 556 3008 quicquam,
571 2956 600 2996 de
615 2966 661 3007 quo
676 2965 849 3007 conqueramus.
873 2954 916 2996 Det
932 2955 988 2995 deus
1003 2953 1111 3006 Optimus
1121 2953 1234 2996 Maximus
1249 2956 1308 2997 hanc

319 3009 435 3051 fortunam
450 3008 577 3048 sentiamus
592 3008 639 3048 diu.
667 3007 702 3049 De
711 3010 751 3049 tuo
763 3018 836 3048 rerum
853 3006 911 3047 statu
927 3006 984 3047 nilril
999 3005 1132 3057 experimur,
1147 3006 1201 3047 Eam
1217 3007 1246 3048 ob
1260 3018 1307 3049 rem

320 3071 374 3103 cura
389 3061 414 3101 ut
429 3061 458 3101 de
473 3071 499 3101 eo
514 3070 557 3100 nos
571 3059 654 3100 reddas
668 3060 784 3101 cerciores.
813 3059 881 3109 Quod
896 3060 1011 3110 postremo
1026 3058 1171 3109 conquereris
1186 3058 1307 3100 Mosellani

320 3112 475 3207 1111111111
490 3111 721 3215 1111111ῐὲ111
730 3110 1211 3216 11111111111111111111111
1218 3122 1308 3205 palili

320 3217 393 3258 literis
408 3216 565 3267 intellegerem
579 3216 602 3255 te
617 3226 654 3255 eas
669 3215 759 3255 habere.
786 3217 874 3267 praeter
893 3225 931 3255 eas
950 3216 994 3255 iam
1014 3213 1072 3254 nihil
1087 3214 1159 3253 edidit
1173 3216 1254 3255 adhuc.
1283 3215 1307 3256 ln

320 3269 405 3311 incude
419 3269 463 3309 iam
480 3269 515 3308 est
528 3268 598 3308 ludus
617 3269 645 3308 ab
660 3277 687 3307 eo
701 3267 772 3308 latine
792 3267 941 3318 conscriptus,
962 3276 1030 3318 quem
1051 3264 1188 3317 παιδολογιάν
1209 3266 1253 3307 166
1274 3269 1307 3308 661

320 3321 431 3374 puerilem
441 3319 652 3361 confabulationem
661 3319 782 3371 inscripsit.
789 3318 875 3371 publici
885 3318 955 3359 nostri
964 3318 1012 3359 ludi
1020 3317 1210 3358 administratoris
1218 3319 1308 3359 hortatu

320 3383 449 3425 persuasus,
463 3372 487 3413 ln
503 3383 548 3423 quo
563 3371 736 3412 confabulantes
751 3382 834 3423 pueros
848 3370 973 3411 introduxit
987 3370 1016 3410 de
1030 3370 1098 3410 rebus
1109 3368 1212 3421 literarijs
1225 3372 1246 3411 et
1256 3371 1308 3422 alijs

320 3424 477 3478 compluribus
493 3435 538 3465 non
557 3430 636 3475 parum
651 3424 714 3463 utilis
734 3423 822 3464 iuturus
837 3422 947 3463 studiosis
962 3422 1046 3473 pueris
1068 3432 1119 3462 nam
1135 3421 1157 3461 et
1171 3422 1307 3463 latinissime

321 3479 342 3518 et
363 3476 533 3529 elegantissime
559 3475 701 3527 compositus
722 3476 762 3516 661.
793 3475 882 3516 Praeter
910 3484 936 3515 ea
963 3474 1008 3514 iarn
1039 3473 1130 3514 molitur
1163 3484 1209 3515 non
1236 3485 1307 3526 paruo

321 3530 403 3570 conatu
418 3528 442 3568 M
457 3528 519 3579 Fabi]
537 3527 674 3577 Quintiliani
694 3527 851 3568 institutiones
872 3526 1042 3567 emendaciores
1065 3526 1131 3566 edere
1153 3525 1245 3578 lucique
1265 3527 1309 3578 pri-

320 3581 393 3621 stinae
408 3580 531 3628 restituere,
546 3579 651 3629 Quando,
671 3579 695 3619 ut
710 3580 761 3626 scis,
783 3578 986 3631 deprauaiissimae
1001 3577 1060 3619 sunt.
1089 3576 1133 3618 Sed
1149 3579 1178 3618 de
1192 3577 1228 3617 bis
1243 3579 1307 3630 plura

321 3632 384 3680 alias,
398 3632 463 3673 Nunc
482 3633 541 3672 bene
554 3632 612 3672 vale.
640 3631 716 3672 Saluta
732 3642 782 3673 meo
802 3630 895 3671 nomine
910 3630 1034 3682 Georgium
1054 3631 1157 3670 nostrum
1171 3629 1307 3681 Agricolam,

321 3685 357 3725 cui
372 3694 448 3725 narres
462 3684 532 3724 velim
554 3683 613 3724 male
634 3683 718 3723 babere
732 3683 885 3723 Mosellanum
907 3683 969 3733 quod
994 3682 1051 3722 nihil
1068 3681 1182 3722 literarum
1204 3683 1232 3722 ad
1255 3693 1306 3724 eum

322 3736 417 3785 dederit,
430 3736 529 3776 Maxime
543 3745 595 3776 cum
610 3745 676 3775 curae
691 3746 746 3776 suae
761 3735 905 3776 commiserei
925 3734 1021 3775 iuuenes
1036 3734 1124 3785 aliquot
1138 3734 1307 3784 conterraneos,

321 3798 418 3841 quorum
432 3788 526 3829 alterum
542 3788 621 3828 morbo
636 3787 714 3827 nescio
729 3797 775 3839 quo
790 3786 930 3828 laborantem
945 3786 1041 3834 audiuit,
1061 3788 1090 3826 ob
1111 3785 1133 3825 id
1149 3785 1239 3827 hortare
1254 3797 1307 3828 eum

322 3841 346 3881 ut
360 3840 449 3881 scribat.
477 3839 558 3880 lterum
573 3839 631 3886 vale,
645 3839 744 3891 septimo
760 3838 860 3883 Kalend:
876 3837 977 3879 Octobri.

911 3889 973 3931 Tuus
988 3888 1074 3941 Caspar
1088 3887 1202 3941 Cruciger.

400 3942 555 3986 Tumultuarie
570 3941 657 3994 scripsi,
672 3952 718 3983 non
733 3942 804 3995 [slatis
819 3942 939 3983 emendare
954 3941 1026 3994 {potui
1041 3940 1181 3993 acculraiius.
