3234 4617
638 444 787 488 ulnLouvs
801 444 960 487 XXV-XXVI.
1250 449 1286 507 33

357 632 413 698 est,
446 630 491 687 tot
512 629 664 687 ditionum
683 629 853 702 potientem
885 629 941 687 sed
972 630 1027 702 qui'
1054 630 1286 703 quoquomodo

356 725 575 800 magistratum
596 724 711 798 gerunt
732 725 869 797 suntque
890 740 1019 781 numere
1041 724 1127 798 vulgi
1142 725 1285 799 exempti.

357 819 421 891 Quo
441 818 532 877 mede
547 820 579 877 et
592 817 747 877 Hesiodus
763 820 926 892 corruptos
941 818 1059 877 iudices
1075 823 1106 877 et
1120 818 1286 878 advocates

358 914 499 999 βασιλέας
522 916 723 998 δωροφάγους
745 914 890 988 appellat.
936 913 1029 972 Perre
1055 914 1138 989 apud
1163 915 1286 973 veteres

330 1009 517 1083 etheologos
533 1008 677 1076 Graecus
694 1009 728 1066 ut
744 1007 927 1083 Gregorium
941 1009 1180 1077 Nazianzenum
1197 1010 1286 1068 audio

355 1106 425 1179 ipsa
438 1104 586 1162 natalicia
600 1104 684 1162 festa
705 1104 845 1186 ἐπιφάνια
871 1104 931 1163 dici
958 1107 1169 1173 consuevisse,
1202 1106 1284 1179 quod

282 1202 286 1206 ’
355 1201 387 1258 in
408 1200 457 1257 his
480 1198 565 1257 Deus
585 1199 677 1257 homo
699 1201 887 1274 apperuerit.
930 1199 1044 1258 Verum
1066 1202 1148 1273 quud
1168 1202 1199 1259 et
1219 1218 1284 1259 me-

356 1312 465 1369 gerum
490 1294 586 1353 ferias
618 1294 677 1352 hee
701 1294 853 1352 vocabulo
875 1294 1043 1363 celebrant,
1075 1295 1147 1353 hinc
1179 1296 1288 1371 opinor

355 1406 436 1457 esse,
458 1389 539 1463 quod
560 1388 621 1446 illis
644 1389 705 1446 dux
727 1388 820 1447 steila
840 1391 1029 1463 apparuerit.
1071 1389 1183 1457 Habes,
1207 1408 1287 1465 quae

318 1499 342 1540 ιο
356 1501 413 1559 ego
429 1485 466 1542 de
480 1485 539 1543 hec
555 1484 737 1557 quaestione
759 1484 872 1542 audivi.
914 1483 1008 1543 Plura
1028 1485 1055 1542 si
1076 1486 1133 1552 vis,
1166 1502 1203 1543 ex
1235 1486 1285 1543 de-

355 1580 503 1637 ctioribus
524 1581 657 1652 require.

552 1802 555 1808 ’
603 1836 832 1902 nmueuvs
859 1837 987 1902 xxvi.

575 1976 748 2036 Valerius
770 1979 806 2036 et
827 1977 1015 2036 Nicolaus.

367 2106 414 2160 De
433 2107 525 2160 cereis
543 2108 573 2158 in
592 2106 674 2160 feriis
693 2106 797 2159 beatae
816 2108 939 2175 virginis
958 2106 1109 2175 gestandis
1127 2112 1224 2176 agunt.

317 2259 341 2301 15
432 2244 615 2303 Valerius.
668 2244 746 2315 Quid
781 2247 815 2302 tu
847 2262 971 2303 cereum
1009 2263 1072 2303 nen
1103 2246 1210 2314 habes,
1245 2248 1287 2305 mi

354 2338 499 2398 Nieelee‘i
902 2410 904 2413 y

431 2434 621 2493 Nieeleus.
662 2434 750 2493 Vnde
774 2435 930 2503 haberem,
953 2436 1005 2509 qui
1026 2452 1085 2493 nee
1111 2436 1285 2511 pecuniam,

355 2546 417 2602 qua
441 2530 558 2587 vietum
589 2547 692 2587 emere
723 2531 851 2605 possim,
882 2530 1002 2588 habeo?
1053 2530 1115 2590 Sed
1146 2532 1172 2589 si
1204 2532 1286 2589 demi

355 2624 438 2699 apud
462 2641 549 2683 meos
576 2641 710 2699 agerem,
742 2641 845 2699 nugas
872 2625 1023 2683 eiusmodi
1055 2625 1129 2683 mihi
1160 2630 1288 2701 peraret

315 2731 341 2773 20
355 2720 463 2776 mater.

432 2813 617 2873 Valerius.
671 2814 710 2872 ut
747 2817 782 2873 tu
815 2832 918 2890 nugas
952 2816 1076 2874 voeare-
1103 2816 1200 2873 eudes
1234 2832 1287 2874 res

355 2906 483 2967 sacras?
1122 2898 1124 2901 ⁵

432 3004 620 3063 Nicolaus.
663 3002 794 3075 Quidni?
835 3004 943 3078 Neque
965 3006 1047 3063 enim
1069 3005 1176 3063 stetim
1196 3005 1285 3063 fuero

354 3098 540 3166 haereticus,
562 3101 685 3158 etiamsi
710 3100 830 3158 nulium
850 3101 972 3173 gestem
993 3116 1127 3167 cereum,
1152 3100 1288 3158 maxime

315 3207 340 3250 25
356 3211 427 3252 cum
448 3196 580 3264 nonsit,
605 3195 689 3253 unde
714 3212 829 3266 emam3
851 3198 915 3252 turn
941 3196 972 3252 et
997 3193 1118 3253 Christe
1142 3197 1286 3269 putarem

354 3289 447 3363 longe
468 3289 534 3347 iore
555 3290 684 3364 gratius,
707 3290 733 3347 si
755 3291 909 3363 sumptus
932 3306 1010 3362 ques
1032 3291 1130 3348 cereis
1146 3289 1287 3347 emendis

354 3385 495 3453 iacimus,
518 3385 550 3442 in
570 3401 744 3459 pauperum
765 3401 843 3442 usus
865 3387 1130 3442 converterentur.

322 3495 387 3547 [niu]
434 3480 616 3539 Valerius.
658 3480 750 3553 Atqui
777 3483 826 3538 est
851 3480 928 3538 haee
948 3478 950 3554 i
968 3478 1133 3537 laudabilis
1156 3495 1285 3536 consue-

354 3576 437 3634 tude.

314 3684 341 3725 30
431 3670 614 3729 Nicolaum
655 3670 711 3729 Est
732 3670 865 3737 omnino,
887 3670 943 3727 sed
964 3685 1026 3726 nen
1047 3670 1133 3736 ade0,
1155 3671 1190 3726 ut
1210 3684 1287 3742 prae
1375 3676 1379 3683 “

354 3782 392 3823 ea
415 3765 544 3824 meliore,
570 3769 602 3824 et
621 3767 723 3840 magis
747 3765 926 3824 Christiana
952 3764 1058 3823 efficia
1082 3763 1208 3838 neglegi
1234 3764 1284 3821 de·

353 3862 456 3919 beant.

353 3970 399 4012 iat.
414 3939 625 4013 utteratureemm.
654 3970 683 4011 ie.
923 4008 925 4013 ,
1098 3972 1113 4023 3
