3234 4617
704 368 853 414 Dlntoovs
867 369 935 412 1-111.

670 547 898 618 DIALOGVS
921 552 961 617 Π.

517 700 519 703 ’
597 691 783 751 Osvaldus
810 694 845 751 et
866 691 1032 752 Michael.

323 802 367 856 De
393 803 485 857 natali
512 803 694 866 celebrando,
726 804 762 858 de
791 806 918 873 receptis
945 804 1077 875 pecuniis
1106 804 1200 874 deque
1228 802 1305 858 bono

681 893 821 961 cuiusque
839 892 936 961 genio.

347 1026 360 1067 s
451 1010 646 1072 Osvaldus.
687 1012 756 1071 Non
782 1018 816 1072 tu
840 1013 932 1072 hodie
953 1015 1042 1071 tuum
1067 1013 1204 1072 natalem
1225 1012 1303 1071 cele·

372 1106 445 1165 bras
467 1110 562 1181 atque
587 1124 645 1166 nos
671 1110 742 1167 tuos
768 1108 892 1167 sodales
915 1108 1057 1166 convivio
1079 1104 1215 1182 excipis?
1254 1107 1303 1165 An

372 1200 500 1275 ignoras
526 1202 610 1261 hunc
636 1202 717 1261 diem
744 1204 815 1261 divo
835 1202 988 1272 Michaeli,
1020 1201 1108 1261 cuius
1134 1205 1169 1261 tu
1189 1218 1303 1261 nomen

372 1296 482 1364 rosere,
504 1312 576 1356 esse
597 1294 741 1356 sacrum?

449 1391 617 1451 Michael.
649 1392 719 1451 Scio
743 1394 901 1467 equidem3
929 1393 1003 1467 quid
1027 1394 1132 1451 autem
1155 1390 1301 1459 iacerem,

333 1502 358 1544 ιο
372 1489 495 1562 quando
512 1505 552 1547 ne
567 1489 690 1547 obolum
708 1490 833 1563 quidem
854 1490 963 1558 habeo,
985 1505 1045 1563 quo
1065 1504 1178 1563 panem
1198 1503 1302 1546 emere

370 1600 492 1657 queam,
514 1584 630 1642 nedum
651 1586 796 1644 convivia
817 1584 987 1660 agitarem?

448 1677 644 1739 Osvaldus.
686 1679 756 1738 Non
776 1681 826 1739 his
847 1680 995 1740 nundinis
1017 1678 1231 1754 aparentibus
1245 1676 1300 1735 tibi

369 1775 488 1832 nummi
509 1776 584 1833 sunt
603 1775 711 1833 missi?

445 1869 616 1929 Michael.
658 1869 739 1929 Sunt
762 1872 878 1945 utique,
905 1871 1064 1929 sed-ante
1089 1869 1299 1928 nundinarum

330 1976 355 2018 15
367 1965 485 2022 exitum
506 1981 524 2024 e
544 1967 726 2034 mercatore,
754 1967 807 2040 qui
828 1966 948 2024 litteras
968 1965 1058 2023 modo
1080 1964 1172 2033 dedit,
1198 1964 1298 2022 extor-

369 2074 464 2132 quere
485 2076 616 2134 possum
636 2061 728 2132 nihil;
749 2062 793 2119 ait
813 2062 896 2119 enim
918 2061 976 2119 sibi
990 2060 1023 2119 in
1036 2062 1124 2119 tanto
1138 2059 1299 2117 hominum

329 2166 389 2221 [aaa]
418 2156 553 2229 strepitu
566 2155 663 2214 otium
678 2157 718 2215 ad
736 2154 739 2232 Ι
758 2157 967 2215 numerandas
978 2157 1128 2231 pecunias
1139 2171 1201 2214 non
1213 2171 1298 2227 esse;

366 2248 481 2323 alioqui
495 2265 558 2308 non
572 2252 663 2310 modo
678 2252 817 2311 natalem
835 2268 939 2310 meum
955 2251 1097 2309 convivio
1112 2250 1296 2325 exciperem,

366 2344 423 2402 sed
443 2349 474 2403 et
495 2346 587 2420 genio
608 2346 697 2416 bono,
718 2363 810 2420 quem
825 2346 972 2421 angelum
987 2345 1127 2413 dicimus
1147 2344 1297 2419 peculiari

326 2452 352 2495 ao
366 2438 470 2513 aliqua
490 2440 646 2499 hilaritate
667 2441 871 2516 gratificarer.
969 2481 972 2488 -

444 2533 637 2594 Osvaldus.
678 2536 786 2612 ltaque
797 2536 983 2595 Terentiano
998 2535 1050 2595 illo
1065 2536 1142 2595 satis
1155 2534 1295 2594 excusati

365 2642 488 2686 sumus:
510 2627 559 2686 ‘Vt
580 2630 714 2703 quimus'
735 2630 832 2697 aiunt,
855 2629 978 2704 quando
1001 2631 1044 2687 ‘ut
1057 2627 1211 2687 volumus'
1232 2643 1295 2686 non

363 2723 444 2782 licet.

647 3017 875 3085 DIALOGVS
898 3018 955 3083 ΙΙΙ.

324 3168 349 3210 25
647 3156 780 3218 Petrus
806 3161 841 3217 et
862 3158 1009 3217 Paulus,

312 3262 356 3319 De
383 3264 480 3321 reditu
507 3267 537 3319 in
565 3268 696 3336 patriam,
725 3267 761 3322 de
788 3268 896 3322 litteris
924 3284 940 3321 a
966 3267 1136 3337 parentibus
1164 3269 1292 3337 acceptis

585 3352 679 3423 deque
698 3355 834 3408 missione
852 3354 1020 3424 flagitanda.

440 3488 582 3550 Petrus.
624 3492 726 3561 Salve,
748 3495 791 3551 mi
812 3493 915 3553 Paule.

439 3584 583 3645 Paulus.
624 3586 662 3645 Et
683 3590 725 3658 tu,
752 3589 905 3649 sodalium
931 3588 1163 3655 iucundissime,
1190 3586 1289 3645 Petre.

321 3693 347 3737 oo
361 3678 423 3739 Sed
443 3682 517 3754 quid
542 3683 619 3741 adeo
641 3700 675 3742 es
697 3685 817 3743 tristis‘l
862 3685 941 3743 Nam
967 3702 1005 3744 ex
1030 3701 1090 3758 quo
1113 3683 1290 3741 communia

361 3777 465 3835 studia
486 3777 629 3851 idemque
659 3779 710 3837 hic
735 3779 828 3838 ludus
858 3783 967 3839 mutua
996 3797 1054 3839 nos
1079 3779 1289 3846 familiaritate
