3234 4617
668 504 872 555 MOSELLANVS,
885 505 1083 549 PAEDOLOGIA.

492 688 659 770 >¹Brutus.
710 688 862 748 Libellum
897 691 1074 765 quempiam
1108 690 1209 759 dares,
1245 691 1368 764 quando

436 783 515 842 belle
536 784 677 857 quadrat,
708 786 745 843 ut
775 785 867 843 homo
903 785 1015 844 litteris
1036 786 1160 844 deditus
1181 786 1370 845 litterarium

436 895 559 953 quoque
579 878 632 937 det
651 880 881 938 munusculum.

512 972 724 1032 Petrucius
764 974 882 1034 Verum
904 976 962 1034 hac
983 975 1169 1035 liberalitate
1194 976 1370 1035 studiorum

407 1083 575 1152 smeorum
595 1071 747 1128 iacturam
767 1069 913 1138 iacerem,
946 1071 1027 1144 quod
1049 1088 1107 1130 nec
1127 1074 1205 1147 ipse,
1238 1072 1370 1130 simodo

436 1166 555 1223 amicus
577 1180 621 1233 es,
643 1165 734 1223 nobis
755 1166 912 1224 suadebis.

513 1258 663 1318 Brutus,
690 1259 819 1319 locabar
832 1262 936 1319 tecum
948 1263 979 1319 et
995 1263 1026 1320 te
1038 1262 1112 1335 quid
1126 1261 1221 1320 animi
1235 1262 1370 1320 haberes

435 1354 579 1413 volebam
612 1355 802 1429 pertentare,
842 1372 914 1413 cum
947 1355 1006 1414 has
1042 1357 1286 1415 consuetudines
1313 1374 1371 1415 nec

435 1451 504 1523 ipse
524 1448 754 1525 magnifaciam
780 1456 816 1507 ut
841 1452 893 1524 qui
918 1452 980 1509 iem
1002 1467 1097 1526 saepe
1121 1451 1294 1509 audiverim
1317 1468 1370 1511 616

398 1559 423 1600 ro
436 1545 525 1603 nobis
540 1561 557 1604 6
571 1546 746 1619 gentilitate
760 1545 895 1604 relictas.
931 1544 1026 1604 Cuius
1041 1546 1166 1621 generis
1181 1562 1253 1605 esse
1268 1548 1369 1612 audio,

436 1641 519 1713 quod
538 1642 571 1698 in
592 1640 779 1714 quibusdam
794 1638 963 1699 Christiani
978 1642 1061 1700 orbis
1076 1642 1256 1716 regionibus
1270 1642 1370 1716 pridie

435 1733 592 1803 feriarum,
625 1751 705 1809 quae
725 1736 825 1794 tribus
855 1738 958 1810 magis
980 1739 1054 1794 sunt
1075 1752 1192 1804 sacrae,
1225 1738 1370 1812 singulae

435 1830 546 1888 domus
573 1830 715 1906 singulos
736 1847 829 1905 reges
852 1834 974 1902 creant3
1004 1848 1078 1889 nam
1107 1831 1186 1890 haec
1207 1834 1313 1891 omnia
1333 1849 1368 1891 ex

436 1925 630 1984 ethnicorum
651 1926 865 1984 saturnalibus
888 1927 919 1984 in
941 1926 1019 1985 haec
1040 1943 1141 2000 usque
1161 1929 1304 2001 tempora
1319 1928 1368 1985 de·

397 2035 421 2077 15
435 2019 567 2079 fluxisse
585 2024 724 2096 apparet.

513 2115 720 2175 Petrucius
767 2115 846 2188 Quia
870 2117 965 2175 trium
990 2134 1152 2192 magorum
1170 2119 1369 2178 ¹mentionem

435 2210 547 2277 fecisti,
569 2212 671 2281 velim,
703 2213 803 2270 sicubi
835 2213 889 2270 111
920 2212 1057 2270 audieris
1079 2214 1133 2270 111
1154 2212 1269 2287 legeris
1291 2214 1368 2287 ipse.

435 2306 510 2363 mihi
540 2307 696 2380 expedias,
729 2309 872 2382 primum,
905 2308 978 2380 quid
1004 2308 1062 2365 sibi
1093 2308 1180 2366 velit:
1212 2308 1297 2386 quod
1316 2325 1369 2367 eos

436 2401 523 2458 divos
539 2402 589 2459 alii
604 2418 706 2476 reges,
726 2402 778 2460 alii
797 2419 906 2477 magos
926 2403 1095 2477 appellant,
1118 2403 1200 2476 quod
1212 2405 1368 2477 posterius

395 2509 495 2569 mago
517 2496 554 2554 de
576 2498 650 2554 solis
671 2496 825 2555 maleficis
847 2499 878 2555 et
898 2499 1190 2573 praestigiatoribus
1206 2498 1266 2556 dici
1280 2502 1367 2573 puta-

436 2590 517 2658 bam,
545 2608 618 2649 nam
639 2594 815 2666 utrumque,
850 2596 885 2650 ut
916 2594 1006 2660 nosti,
1032 2594 1065 2651 in
1091 2593 1190 2652 sacris
1212 2593 1368 2663 canimus;

437 2685 557 2755 deinde,
590 2703 645 2744 cur
675 2687 735 2745 hae
766 2686 863 2745 feriae
897 2704 1010 2761 graeco
1047 2688 1197 2747 vocabulo
1228 2688 1368 2771 ἐπιφάνια

436 2782 664 2855 nuncupentur

514 2877 661 2935 Brutus.
702 2875 820 2944 Dicam,
844 2894 924 2950 quae
944 2894 1041 2951 super
1060 2878 1120 2936 hac
1140 2894 1174 2935 16
1196 2880 1310 2952 partim
1331 2894 1368 2937 ex

396 2984 423 3028 25
436 2974 639 3047 praeceptore
661 2973 807 3041 dictante,
834 2975 947 3046 partim
977 2973 1190 3032 oontionatore
1215 2975 1368 3048 superiori

437 3083 519 3125 anno
541 3068 657 3142 excepi.
689 3067 843 3141 Principio
864 3085 1028 3143 magorum
1049 3068 1259 3143 appellatione
1276 3067 1366 3127 Chal.-

437 3163 506 3220 daei
527 3179 597 3230 non,
619 3165 654 3221 11
667 3163 783 3238 vulgus
797 3166 896 3238 putat,
919 3163 1185 3244 praestigiatores,
1207 3164 1263 3221 sed
1284 3164 1368 3221 viros

397 3263 466 3316 [mar
488 3260 647 3332 sapientes
669 3260 854 3332 nuncupant
869 3259 900 3316 et
914 3261 1105 3316 secretorum
1126 3260 1257 3317 naturae
1278 3264 1366 3331 oon-l

436 3355 531 3425 scios;
559 3370 690 3427 quorum
710 3352 863 3428 professio
884 3370 903 3411 a
924 3353 1110 3426 quibusdam
1135 3354 1230 3412 etiam
1249 3351 1368 3412 Latinis

395 3450 542 3523 eomagia
557 3448 715 3507 naturalis
737 3448 858 3515 dicitur,
891 3448 947 3505 sed
979 3449 1052 3521 quia
1071 3448 1150 3506 haec
1178 3465 1229 3506 res
1250 3447 1368 3507 finibus

436 3545 502 3602 suis
533 3561 594 3603 non
616 3547 763 3602 contenta
790 3543 943 3617 temporis
964 3559 1135 3618 progressu
1159 3542 1191 3601 in
1214 3544 1368 3602 curiosam

436 3640 592 3713 quandam
613 3640 799 3697 daemonum
818 3638 1022 3711 imposturam
1044 3641 1093 3696 661
1107 3638 1244 3714 delapsa,
1267 3638 1369 3714 coepit

436 3734 678 3793 honestissimae
709 3735 786 3792 artis
817 3732 1004 3791 vocabulum
1025 3734 1137 3807 probro
1159 3750 1240 3793 esse.
1282 3732 1369 3806 Quod

435 3831 541 3888 autem
560 3830 653 3888 iidem
674 3829 706 3887 hi
727 3845 819 3904 reges
840 3828 872 3886 in
893 3828 1007 3903 psalmi
1026 3828 1192 3904 prophetia
1212 3830 1367 3896 dicuntur,

395 3936 423 3977 35
436 3940 499 3982 non
520 3926 565 3983 sic
590 3927 640 3983 est
660 3924 885 4000 accipiendum,
908 3926 943 3982 ut
964 3923 1055 3982 hodie
1081 3926 1157 3982 sunt
1177 3940 1278 4000 reges
1309 3916 1369 3983 hoc
