3234 4617
618 444 822 496 MOSELLANVS,
836 444 1035 489 Pacuouocm.

463 626 646 687 Valerius
696 626 791 687 Recte
822 629 924 703 putas,
957 644 1030 686 nam
1061 629 1092 686 et
1122 627 1191 703 ipse
1222 642 1318 702 saepe

306 759 309 765 ‹
385 722 515 782 stultam
549 722 803 781 muliercularum
833 723 982 797 pietatem
1018 723 1081 791 risi,
1117 738 1197 797 quae
1228 722 1317 781 sulli-

385 817 497 894 gendis
528 817 623 875 etiam
648 817 760 876 cotidie
792 817 891 876 cereis
913 818 1042 892 triginta
1073 833 1128 875 sex
1149 816 1227 875 adeo
1259 818 1319 876 sibi

384 913 519 988 placent,
533 913 568 971 ut
579 928 636 987 per
649 912 708 970 hoc
719 912 840 972 caelum
852 929 886 971 se
898 912 1051 971 demereri
1066 912 1204 981 credant,
1220 928 1317 987 quan·

358 1008 503 1066 ctumvis
523 1006 646 1065 fortiter
666 1008 697 1064 in
718 1007 833 1082 plateis
854 1023 1011 1083 pauperes
1033 1008 1182 1066 esuriant.

629 1280 856 1347 DIALOGVS
880 1281 1022 1347 XXVII.

575 1430 760 1489 Fabianus
783 1432 818 1489 et
838 1429 1075 1490 Franciscus.

454 1561 499 1615 De
519 1558 748 1613 Bacchanalibus
762 1558 993 1613 Christianorum
1011 1558 1184 1613 fabulantur.

460 1682 655 1741 Fabianus
697 1680 775 1751 Quid
801 1698 916 1740 causac
937 1685 995 1750 est,
1027 1681 1201 1749 Francisce‚
1234 1682 1318 1756 quod

347 1792 372 1834 10
385 1778 453 1837 heri
474 1777 582 1836 ludum
603 1793 665 1834 non
687 1793 721 1834 es
743 1773 927 1851 ingressus?

462 1872 696 1931 Franciscus.
738 1872 882 1931 Graviter
902 1889 940 1931 ex
955 1873 1057 1947 capite
1072 1871 1259 1938 laborabam,
1282 1875 1318 1929 ut

384 1967 484 2025 lucem
505 1966 588 2025 ferre
609 1984 671 2025 non
693 1984 827 2041 possem.

461 2062 658 2121 Fabianus.
713 2061 798 2120 Belle
833 2062 974 2121 morbum
1010 2078 1151 2129 excusas
1191 2061 1317 2135 quando

384 2158 514 2231 vulgare
535 2158 596 2215 iam
619 2161 668 2215 est
689 2157 903 2223 scholasticos,
926 2158 953 2214 si
973 2157 1096 2230 quando
1111 2156 1161 2214 vel
1176 2155 1318 2214 discendi

347 2266 371 2308 15
385 2252 531 2310 sudorem
560 2252 710 2309 horreant
740 2252 790 2310 vel
822 2251 955 2310 ferulam
985 2253 1136 2318 metuant,
1170 2251 1318 2326 ignaviae

384 2362 461 2404 suae
475 2345 687 2405 valetudinem
700 2351 892 2421 praetexere,
913 2348 948 2404 ut
963 2346 1170 2405 scholasticus
1189 2346 1317 2405 morbus

384 2458 440 2515 pro
462 2442 645 2499 assimulato
667 2444 699 2499 et
720 2443 855 2501 conficto
870 2441 1054 2516 iampridem
1071 2442 1103 2499 in
1116 2441 1318 2516 proverbium

345 2578 346 2581 ,
384 2536 503 2594 abierit.

462 2630 697 2689 Franciscus.
739 2630 818 2702 Quid
849 2632 901 2690 alii
922 2631 1048 2699 iaciant,
1080 2630 1200 2701 nesci03
1232 2633 1317 2688 certe

345 2726 466 2799 acquod
481 2727 521 2783 ad
535 2742 585 2783 me
600 2728 721 2796 attinet,
737 2727 862 2785 mallem
877 2726 981 2785 decies
995 2726 1128 2785 ferulam
1141 2726 1208 2799 pati
1222 2741 1318 2800 quam

384 2819 482 2878 semel
516 2821 564 2878 in·
581 2837 651 2878 eum
686 2821 823 2879 dolorem
856 2822 1003 2889 recidere,
1036 2821 1159 2879 etiamsi
1189 2820 1316 2878 vixdum

383 2915 477 2990 plane
498 2915 625 2973 revalui.
667 2915 729 2974 Sed
751 2917 826 2989 quid
839 2918 906 2974 tute
920 2917 984 2974 iam
997 2916 1048 2975 hic
1069 2911 1226 2974 versaris?
1268 2916 1317 2973 An

384 3026 446 3068 non
467 3009 545 3067 hora
564 3011 626 3068 iam
648 3014 697 3069 est
717 3012 973 3086 praeceptoribus
995 3006 1211 3069 auscultandi?

461 3104 655 3164 Fabianus
707 3104 770 3170 Est,
802 3105 859 3163 sed
890 3106 927 3163 ob
958 3105 1036 3163 haec
1068 3104 1317 3164 Christianorum

346 3200 476 3274 aequasi
510 3199 718 3259 Bacchanalia
757 3200 852 3259 tridui
885 3201 1069 3259 missionem
1100 3199 1189 3257 nobis
1231 3199 1318 3257 dedit

384 3299 583 3369 praeceptor3
604 3296 705 3353 vetuit
719 3298 824 3353 tamen
839 3295 937 3370 gravi,
959 3296 987 3352 si
1002 3296 1071 3369 quis
1087 3295 1168 3353 dicto
1184 3295 1316 3353 audiens

383 3406 445 3447 non
456 3389 559 3458 fuerit,
574 3390 735 3464 proposita
749 3406 859 3465 poena,
882 3406 921 3447 nc
936 3391 1005 3463 quis
1022 3388 1169 3465 opificum
1184 3389 1316 3472 istorum

383 3485 615 3543 manuariorum
656 3484 796 3558 exemplo
838 3484 925 3543 larva
962 3485 1151 3558 personatus
1188 3483 1317 3542 vicatim

384 3581 523 3645 cursitet,
561 3580 643 3653 quod
674 3579 752 3638 haec
787 3580 911 3637 insania
945 3596 1016 3636 cum
1049 3579 1139 3637 bonis
1171 3578 1316 3637 omnibus

344 3687 372 3728 ao
386 3676 453 3731 tum
473 3675 607 3733 maxime
628 3673 812 3733 Christianis
834 3674 876 3731 sit
895 3674 1032 3748 indigna.

462 3770 697 3829 Franciscua
747 3770 788 3827 At
823 3786 880 3844 ego
915 3770 1096 3827 iamdudum
1129 3766 1249 3825 larvam
1282 3767 1315 3825 in

384 3863 468 3924 hunc
488 3882 581 3924 usum
602 3865 683 3922 domi
704 3864 858 3922 inclusam
879 3865 1019 3923 adservo.
1072 3940 1075 3946 =
